3134 5134
1486 378 1563 439 Ρ.
1619 375 1880 436 ovim!

1948 372 2304 435 NAsole

1577 776 2014 851 ELEolA
2081 778 2202 849 lx
2297 750 2302 757 ’

914 1054 982 1092 ΑΒ
1015 1050 1333 1091 cvi-mixtu:
1369 1047 1648 1090 nonurvn
1681 1048 1749 1087 vr
1781 1046 1838 1085 m
1871 1045 2016 1085 mos
2047 1044 2252 1095 Qvoon
2285 1045 2384 1083 svs
2417 1042 2546 1081 rm
2579 1042 2810 1081 nmmu-

754 1275 873 1415 Ο
908 1360 1283 1435 nunquam
1318 1359 1451 1435 pro
1486 1358 1608 1407 me
1647 1333 1816 1405 satis
1850 1328 2215 1433 indignate
2243 1326 2558 1449 Cupido,

855 1452 927 1523 Ο
956 1451 1030 1523 in
1064 1449 1281 1524 corde
1316 1474 1481 1523 meo
1518 1438 1862 1522 desidiose
1899 1446 2114 1547 puer!
2437 1426 2450 1443 ’

756 1567 947 1661 Quid
978 1592 1131 1657 me,
1165 1566 1290 1665 qui
1325 1565 1528 1639 miles
1562 1588 1938 1661 nunquam
1971 1570 2104 1636 tua
2139 1561 2347 1661 signa
2379 1556 2677 1658 reliqui,

784 1742 799 1749 -
854 1683 1163 1759 Laedis?
1192 1688 1266 1757 et
1296 1683 1371 1753 in
1406 1680 1663 1755 castris
1695 1678 2035 1752 vulneror
2076 1678 2226 1777 ipse
2261 1675 2494 1750 meis?

757 1800 907 1873 Cur
940 1806 1068 1873 tua
1102 1800 1224 1871 fax
1258 1798 1438 1884 urit,
1470 1796 1634 1899 figit
1666 1802 1835 1869 tuus
1867 1820 2085 1869 arcus
2118 1793 2441 1867 amicos?
2963 1821 2996 1872 ε

772 1900 807 1971 -”
858 1914 1105 1989 Gloria
1137 1918 1551 2011 pugnantes
1585 1912 1879 1985 vincere
1911 1912 2144 1985 maior
2180 1916 2364 1983 erat.

760 2027 1001 2120 Quid?
1033 2052 1175 2101 non
1210 2028 1689 2117 Haemonium,
1725 2050 1945 2125 quem
1983 2022 2272 2124 cuspide
2303 2022 2652 2123 perculit,
2686 2023 2913 2097 heros

858 2142 1291 2215 Confossum
1323 2141 1606 2215 medica
1638 2140 2017 2241 postmodo
2050 2138 2230 2213 iuvit
2264 2136 2454 2237 ope?

832 2401 876 2435 r.
898 2383 951 2434 Ο
972 2400 1225 2453 nunquam
1243 2400 1339 2450 pro
1358 2399 1441 2433 me
1460 2385 1588 2433 satis
1613 2390 1708 2433 etc.
1758 2380 1820 2433 Si

764 2462 1010 2514 attentius
1032 2460 1186 2531 paulo
1218 2478 1324 2531 quo
1346 2468 1453 2513 totu
1477 2469 1678 2531 spectat
1711 2460 1828 2513 Ele-

760 2544 844 2614 gia
866 2544 1189 2597 Burmannus
1204 2552 1257 2595 et
1272 2542 1364 2595 alii
1390 2542 1826 2605 considerassent,

762 2644 867 2678 non
894 2626 960 2679 ab
984 2628 1098 2697 ipso
1136 2626 1319 2677 limine
1358 2624 1642 2677 haesissent
1677 2624 1830 2677 dubii

764 2708 897 2781 quid
913 2708 1017 2763 sibi
1030 2706 1159 2762 velit
1176 2708 1315 2760 istud
1328 2726 1425 2775 pro
1440 2726 1549 2769 meg
1574 2726 1670 2760 nee
1691 2716 1832 2777 post-

767 2804 925 2863 quam
939 2808 1207 2862 perperam
1216 2791 1539 2861 interpretati
1556 2830 1570 2856 ,
1591 2793 1645 2841 in
1661 2806 1828 2841 meam

761 2876 1061 2952 utilitatem,
1094 2892 1161 2923 ex
1178 2891 1297 2944 'meo
1318 2891 1407 2923 usu
1434 2882 1529 2924 etc.
1555 2870 1832 2942 legendnm

760 2958 1147 3030 proposuissent
1158 2976 1254 3029 pro
1272 2976 1330 3009 re
1347 3004 1360 3024 ,
1386 2958 1561 3011 nescio
1581 2958 1728 3009 cuius
1750 2974 1833 3008 eo-

738 3034 898 3095 ‚elicis
918 3086 933 3109 ,
970 3060 1125 3112 quem
1150 3060 1255 3093 non
1278 3042 1573 3100 nominant,
1612 3037 1833 3091 auctori-

764 3132 868 3175 tate
907 3125 1044 3175 freti.
1112 3124 1384 3175 Invehitur
1418 3123 1475 3174 in
1512 3112 1832 3191 Cupidinem

769 3210 951 3275 poeta,
988 3206 1083 3275 qui
1106 3224 1267 3257 unum
1290 3224 1343 3257 se
1368 3204 1485 3256 telis
1508 3204 1616 3255 suis
1650 3213 1834 3274 peten-

764 3286 891 3337 dum
928 3304 1047 3355 prae
1081 3288 1293 3338 caeteris
1327 3285 1594 3354 selegerit:
1635 3304 1832 3337 summa

764 3367 892 3420 haec
918 3370 1357 3422 totius‘carminis.
1392 3370 1506 3421 lure
1524 3368 1682 3437 igitur
1701 3387 1834 3420 nun-

769 3469 929 3521 qnam
950 3452 1077 3503 satis
1098 3452 1413 3519 indignatum
1436 3455 1488 3501 in
1510 3470 1563 3500 se
1586 3450 1741 3518 dicit,
1780 3461 1832 3504 et

767 3536 924 3587 unius
948 3540 1001 3587 in
1022 3535 1173 3586 corde
1194 3534 1492 3585 desidiosum
1508 3568 1525 3593 ,
1548 3532 1605 3583 id
1630 3543 1706 3585 est
1728 3553 1832 3588 ces-

768 3627 989 3673 santem.
1046 3618 1221 3670 Restat
1256 3635 1398 3669 nunc
1434 3616 1829 3679 excutiendum,

773 3721 841 3757 an
867 3702 1059 3756 locutio
1082 3702 1206 3753 haec
1220 3720 1317 3771 pro
1342 3720 1448 3771 me,
1473 3720 1578 3773 quo
1603 3700 1831 3755 diximus

768 3806 923 3843 sensu
936 3822 959 3849 r
976 3786 1137 3840 latina
1158 3796 1305 3841 sonet
1328 3786 1570 3856 legitime.
1629 3786 1734 3855 Ego
1756 3788 1831 3839 sic

768 3870 1121 3943 accipiendam
1160 3870 1358 3923 iudico:
1408 3890 1671 3941 nunquam
1708 3875 1831 3921 satis

767 3958 1063 4025 indignate,
1105 3952 1197 4007 ubi
1222 3954 1286 4006 de
1316 3974 1399 4007 me
1434 3959 1636 4023 agitur,
1675 3974 1832 4025 quem

769 4044 977 4095 unicam
1012 4038 1110 4093 tibi
1135 4039 1381 4111 praedam
1419 4040 1613 4095 videris
1654 4040 1830 4094 vindi-

769 4146 945 4199 casse3
982 4124 1181 4195 velpro
1221 4146 1329 4193 me,
1372 4125 1430 4178 id
1452 4136 1529 4178 est
1567 4143 1664 4193 pro
1699 4128 1828 4188 illa,

769 4226 902 4280 quae
924 4207 991 4261 ad
1014 4206 1293 4263 amandum
1330 4204 1574 4279 propellit
1599 4225 1707 4268 me,
1745 4207 1826 4259 in-

1999 2392 2048 2445 4.
2073 2380 2186 2447 Ipse
2212 2371 2353 2431 ineis.
2417 2377 2480 2429 In
2519 2374 2830 2447 quibusdan
2871 2378 2988 2425 mis.

1927 2464 2171 2518 Heinsius
2205 2460 2394 2515 -edidit
2439 2465 2547 2529 ipse
2583 2464 2738 2521 meis,
2776 2468 2982 2511 oemitus

1928 2544 2132 2599 codices
2169 2554 2274 2597 tam
2319 2552 2461 2607 suos,
2510 2561 2666 2613 quam
2710 2542 2976 2611 Naugerii,

1928 2629 2083 2682 Marii
2106 2636 2156 2680 et
2178 2626 2489 2679 Bersmanni.

1997 2728 2046 2775 7.
2093 2704 2270 2777 Quid?
2313 2726 2414 2758 non
2463 2706 2770 2757 Haemonius
2783 2742 2800 2767 ‚
2841 2724 2982 2775 quem

1929 2794 2124 2863 cuspide
2140 2792 2352 2859 perculit
2391 2800 2488 2843 etc.
2537 2790 2724 2859 Agitur
2744 2786 2813 2840 de
2837 2798 2996 2842 certa-

1929 2878 2070 2929 mine
2116 2874 2343 2929 Achillis
2387 2892 2506 2927 cum
2549 2872 2800 2945 Telepho.
2838 2874 2998 2925 Hasta

1932 2968 2103 3011 antem
2148 2959 2416 3010 Haemonii
2459 2956 2655 3017 herois,
2700 2972 2806 3026 qua
2855 2965 2998 3015 arte,

1933 3040 2076 3111 quod
2106 3040 2388 3100 inflixerat,
2425 3038 2614 3093 vulnus
2649 3048 2878 3105 sanaret,
2921 3040 3002 3091 sir.

1931 3122 2136 3175 Plinius
2165 3122 2318 3174 docet
2347 3120 2595 3189 XXXIV,
2648 3126 2733 3174 15:
2779 3144 2808 3167 ιι
2831 3120 2925 3172 Est
2947 3130 2999 3173 et

1933 3205 2118 3275 rubigo
2141 3206 2154 3257 i
2161 3226 2251 3277 psa
2273 3207 2329 3257 in
2355 3202 2632 3271 remediis;
2669 3213 2722 3256 et
2743 3204 2822 3256 sic
2845 3202 2997 3256 Tele-

1933 3288 2098 3359 phum
2122 3287 2358 3360 proditur
2377 3306 2578 3341 sanasse
2599 3286 2864 3348 Achilles,
2885 3290 2929 3339 si
2937 3305 2996 3337 ve

1933 3371 1992 3424 id
2031 3391 2204 3432 aerea,
2241 3374 2352 3425 sive
2390 3373 2551 3423 ferrea
2587 3370 2806 3441 cuspide
2843 3371 2994 3421 fecit:

1929 3457 2008 3507 ita
2029 3464 2162 3507 certe
2185 3474 2294 3507 eam
2317 3454 2583 3507 decutiens
2613 3452 2806 3523 gladio.
2825 3474 2856 3499 ι·
2886 3450 2997 3505 vbi

1933 3534 2044 3592 vid.
2069 3536 2324 3589 Hurduin.
2347 3547 2400 3589 et
2425 3538 2618 3607 Hygia.
2635 3535 2762 3589 Fal».
2779 3550 2853 3589 el.

2002 3625 2050 3673 8.
2077 3619 2378 3691 Consta-sum
2413 3620 2604 3671 medica
2627 3630 2724 3671 etc.
2778 3618 3002 3691 Confin-

1931 3725 2070 3773 sum,
2115 3706 2331 3777 plurimi
2376 3704 2600 3758 codices:
2647 3702 2740 3757 sed
2783 3707 2999 3773 gravius

1931 3789 2030 3843 hoc
2053 3788 2266 3845 verbum
2279 3826 2296 3851 ,
2318 3808 2422 3861 (pio
2437 3790 2542 3841 fere
2555 3804 2758 3857 semper
2771 3786 2842 3839 de
2857 3786 2970 3841 illis
2981 3833 2995 3852 ,

1931 3877 2028 3946 qui
2065 3876 2137 3927 ita
2181 3872 2540 3933 vulnerantur.
2583 3881 2642 3925 ut
2685 3870 2811 3923 inde
2858 3889 2998 3923 mors

1931 3966 2174 4027 sequatur
2189 3994 2206 4018 ,
2229 3964 2442 4008 utuntur
2470 3965 2688 4011 veteres:
2715 3974 2877 4027 quare
2901 3976 2996 4025 ego

1931 4060 2037 4093 non
2081 4040 2280 4093 alienus
2325 4060 2488 4094 essem
2517 4060 2548 4093 a
2577 4042 2890 4111 consessum,
2937 4049 2998 4093 ut

1931 4126 2037 4178 duo
2063 4124 2268 4179 codices
2297 4124 2518 4189 habent,
2553 4134 2606 4177 et
2637 4127 2887 4179 Passer-at.
2925 4123 2992 4177 ad

1931 4210 2288 4281 Propertium,
2310 4226 2426 4279 pag.
2451 4210 2549 4263 638
2563 4246 2578 4269 ‚
2601 4208 2747 4281 legit.
2783 4210 2863 4262 Ita
2883 4228 2994 4261 oon-

770 4290 908 4347 dole.
955 4292 1101 4364 Quae
1127 4301 1411 4364 sequuntur
1446 4291 1557 4345 fuse
1581 4290 1705 4343 satis
1743 4308 1834 4341 ex·
1916 4292 2052 4363 fissi
2073 4290 2270 4353 hostes,
2311 4290 2496 4345 Claud.
2521 4290 2590 4347 v1
2613 4292 2771 4346 Cous.
2801 4293 2990 4345 Honor.

774 4375 988 4447 plicant.

1935 4388 2050 4447 249.
2075 4377 2245 4451 Evam²
