3134 5134
13 5026 258 5103 lq

783 335 908 463 2ss
1457 363 1533 426 r.
1605 363 1871 422 ovum
1950 361 2307 422 NAsoms

883 571 1281 648 Procubuit
1313 568 1625 668 templo,
1669 574 1873 642 casta
1906 569 2237 642 Minerva
2264 623 2285 659 ,
2316 573 2472 643 tuo.

784 689 966 780 Quis
993 689 1168 762 mihi
1197 713 1340 760 non
1358 742 1380 777 ,
1406 688 1725 760 Demens
1746 741 1769 774 ,
1796 687 1956 785 quis
1980 711 2123 760 non
2154 684 2369 770 mihi,
2394 683 2717 758 Barbare
2736 735 2759 772 ,
2792 683 3057 758 dixit?

889 806 1050 901 Ipsa
1085 803 1289 876 nihil:
1326 803 1585 900 pavido
1620 801 1866 903 lingua
1900 808 2189 876 retenta
2230 807 2459 874 metu.

2984 847 3053 880 20

787 919 929 993 Sed
963 920 1166 994 taciti
1201 920 1440 994 fecere
1475 925 1725 992 tamen
1760 918 2087 992 convicia
2122 916 2408 1001 vultus3

889 1035 1055 1136 Egit
1089 1060 1207 1108 me
1241 1035 1625 1131 lacrymiS,
1660 1060 1787 1109 ore
1824 1034 2115 1124 silente,
2144 1059 2383 1109 reum.

787 1149 978 1224 Ante
1007 1176 1202 1224 meos
1237 1150 1560 1224 humeris
1596 1150 1853 1224 vellem
1889 1149 2228 1224 cecidisse
2260 1148 2613 1234 lacertos;

889 1263 1150 1338 Vtilius
1188 1265 1390 1362 potui
1424 1272 1635 1362 parte
1671 1290 1925 1338 carere
1958 1265 2129 1338 mei.

787 1379 871 1451 In
905 1405 1072 1452 mea
1106 1404 1409 1452 vesanas
1449 1379 1669 1454 habui
1702 1380 2063 1480 dispendia
2089 1381 2319 1454 vires·
2302 1433 2323 1468 ‚
2974 1407 3036 1460 ιε

888 1497 986 1566 Et
1020 1492 1216 1566 valui
1253 1520 1557 1592 poenam
1596 1495 1855 1570 fortis
1838 1522 1907 1568 in
1942 1495 2094 1594 ipse
2135 1521 2410 1570 meam.

791 1609 985 1702 Quid
1021 1608 1202 1685 mihi
1239 1611 1653 1702 vobiscum,
1686 1611 1927 1686 caedis
1962 1611 2470 1709 scelerumque
2504 1605 2950 1684 ministrae?

892 1724 1152 1798 Debita
1188 1726 1576 1828 sacrilegae
1609 1725 1842 1800 vincla
1879 1727 2107 1800 subite
2144 1751 2425 1800 manus,

790 1839 943 1930 An,
979 1842 1036 1914 si
1070 1841 1469 1940 pulsassem
1505 1843 1894 1917 minimum
1928 1841 2017 1916 cle
2050 1841 2258 1942 plebe
2294 1842 2703 1936 Quiritem,

787 2009 998 2084 ginibus
1042 2007 1402 2062 discernebat.-
1435 2008 1547 2061 Nec
1592 2018 1854 2062 matronae

790 2091 962 2146 solum
985 2097 1214 2154 vittatae,
1240 2091 1328 2146 sed
1353 2101 1407 2144 et
1428 2091 1717 2145 sacerdotes
1731 2130 1747 2154 ,
1768 2110 1857 2146 va-

791 2185 902 2239 tes,
923 2177 1148 2229 Deorum
1175 2185 1394 2236 statuae,
1417 2193 1560 2237 arae,
1594 2171 1858 2247 supplices

796 2269 852 2312 et
873 2261 1131 2314 victimae.
1158 2258 1289 2311 Aen.
1313 2257 1390 2321 11,
1419 2261 1538 2310 156:

809 2411 814 2418 Ι
975 2355 1215 2408 Vittaeque
1235 2355 1398 2415 Deum,
1426 2367 1533 2408 quas
1559 2355 1704 2398 hostia
1730 2355 1858 2408 ‘⁶⁸⁸‘-

803 2493 810 2499 ,
871 2459 950 2509 ¹9·
999 2439 1234 2492 Barbare
1251 2477 1268 2503 ,
1314 2441 1485 2506 dixit)
1537 2439 1689 2492 Dicat
1734 2439 1862 2493 alter

797 2522 1069 2586 Mentelii,
1101 2523 1206 2576 nisi
1229 2524 1372 2575 dia-et
1393 2525 1632 2596 antique,
1655 2542 1750 2595 pro
1770 2525 1857 2576 di-

796 2611 970 2660 xisset.
1001 2609 1187 2661 umus.

863 2709 947 2743 22.
983 2691 1112 2760 Egit
1145 2710 1230 2742 me
1253 2693 1503 2761 lacrymis
1529 2699 1626 2744 etc.
1666 2692 1861 2746 prioris

792 2793 968 2830 versus
981 2792 1188 2826 sensum
1205 2773 1414 2827 evolvit:
1433 2773 1687 2845 lacrymae
1700 2772 1863 2836 illius,

795 2859 972 2910 silente
995 2859 1152 2912 etiam
1172 2876 1264 2910 ore
1277 2895 1294 2920 ,
1315 2875 1456 2910 reum
1475 2876 1557 2910 me
1572 2866 1863 2926 arguerunt.

863 2944 946 2994 26..
992 2941 1069 2992 Et
1115 2941 1252 2992 valui
1281 2959 1497 3010 poenam
1527 2939 1692 3012 jor-tis
1735 2944 1865 2992 inire

792 3045 978 3081 meam.
1055 3026 1148 3079 Sic
1191 3036 1390 3096 septem
1435 3026 1653 3096 scripti3
1708 3023 1861 3076 male.

791 3111 1040 3186 Francius
1079 3108 1288 3163 volebat
1302 3143 1318 3168 ‚
1357 3109 1424 3160 In
1461 3127 1678 3177 poenam
1726 3109 1863 3159 valui

779 3195 948 3266 fhrtis
971 3205 1020 3243 et
1041 3197 1146 3260 ipse
1159 3211 1324 3244 meam
1343 3213 1358 3240 .-
1384 3191 1590 3260 elegans
1606 3210 1725 3245 vero
1740 3211 1864 3246 usus

794 3275 944 3332 verbi
970 3277 1174 3328 valere.-
1200 3278 1274 3328 ita
1295 3277 1463 3327 valere
1484 3281 1538 3327 in
1559 3277 1718 3326 scelus
1740 3277 1865 3328 Pro-

797 3366 928 3430 pert.
981 3359 1087 3419 lv,
1124 3357 1267 3426 Eleg.
1286 3377 1344 3426 7,
1377 3361 1468 3425 683
1511 3359 1659 3410 dirae
1689 3361 1741 3408 in
1764 3359 1865 3408 ali·
1891 3374 1893 3385 ·

791 3459 937 3510 quem
982 3442 1152 3492 valent
1190 3439 1382 3494 Vellei.
1422 3442 1613 3493 Patere.
1659 3441 1739 3504 11,
1778 3445 1860 3508 46.

796 3525 876 3580 Ne
917 3524 1039 3593 quid
1076 3537 1202 3576 esset
1238 3528 1294 3576 in
1326 3526 1487 3576 literis
1523 3525 1655 3594 quod
1693 3525 1865 3576 volem

791 3621 968 3659 eontra
989 3621 1130 3676 caput
1145 3621 1291 3677 atque
1305 3611 1725 3660 existimationem
1742 3625 1863 3676 pos-

794 3701 897 3751 set,
915 3691 1079 3743 Cicer.
1099 3692 1149 3744 11
1181 3693 1325 3744 Verr.
1351 3711 1433 3757 7¹-
1457 3691 1631 3744 anm.

801 3831 809 3842 ,
867 3792 946 3842 ²9·
990 3775 1106 3838 An,
1149 3779 1196 3826 si
1228 3777 1508 3846 pulsassem
1556 3785 1652 3828 etc.
1711 3773 1861 3848 Quid

789 3860 935 3910 enim
974 3857 1041 3910 de
1081 3857 1206 3921 illo,
1241 3861 1286 3912 si
1324 3859 1657 3922 verberasset,
1696 3877 1863 3930 quum

791 3942 876 3997 vel
909 3944 1222 4012 pulsantem,
1260 3953 1314 3995 et
1349 3947 1619 3996 minimum
1644 3939 1863 4014 quidem

793 4027 858 4079 de
874 4028 1047 4096 plebe,
1079 4029 1228 4096 plecti
1250 4027 1334 4079 lex
1357 4025 1613 4079 voluerit?
1636 4055 1703 4067 -
1730 4027 1862 4096 Qui·—

791 4115 914 4163 rites
938 4113 1182 4184 proprie,
1221 4112 1314 4181 qui
1346 4110 1507 4163 Cures
1535 4111 1861 4171 incolebant,

793 4193 1102 4250 Sabinorum
1119 4192 1411 4265 oppidum3
1437 4203 1493 4246 ut
1511 4193 1753 4257 Romani,
1768 4194 1865 4264 qui

793 4275 1032 4329 Romam.
1051 4277 1278 4346 Quirites
1297 4277 1454 4330 etiam
1467 4274 1865 4347 appellabantur

793 4358 932 4433 eires
973 4359 1192 4430 urbani,
1231 4359 1456 4431 pagani,
1499 4375 1610 4414 non
1650 4357 1865 4436 milites.

1958 2008 2193 2061 Militum
2216 2025 2404 2060 nomen
2438 2017 2543 2060 erat
2575 2005 3041 2071 honorificentius,

1959 2109 2117 2164 quam
2142 2092 2396 2161 Quiritum
2411 2111 2430 2157 ,·
2466 2109 2627 2162 quum
2648 2089 2849 2163 plebeii
2882 2094 3045 2147 etiam

1960 2171 2235 2246 ignobiles,
2249 2177 2341 2246 qui
2359 2174 2557 2227 nullam
2573 2171 2897 2246 reipublicae
2920 2194 3045 2246 ope·

1959 2277 2069 2311 ram
2084 2267 2421 2320 navaverunt,
2437 2267 2643 2328 possent
2662 2257 2894 2326 Quirites
2918 2277 3043 2310 esse.

1962 2368 2027 2380 —
2052 2340 2329 2392 Minimum
2354 2341 2417 2391 de
2434 2341 2575 2410 plebe
2610 2339 2890 2410 Quiritem.
2948 2341 3047 2393 Re-

1961 2423 2075 2492 gius
2098 2432 2150 2475 et
2172 2422 2575 2494 Neapolitanus,
2607 2427 2823 2475 minima
2844 2424 2917 2473 de
2940 2425 3044 2492 ple.

1961 2505 2048 2557 be:
2073 2505 2215 2577 quod
2238 2524 2343 2558 non
2384 2505 2758 2576 spernendum,
2791 2507 2901 2558 nisi
2928 2507 3045 2578 qu's

1962 2589 2111 2642 malit
2140 2591 2309 2641 media
2330 2592 2393 2641 de
2408 2590 2568 2658 plebe.
2608 2590 2788 2644 fimus,
2840 2590 3045 2644 Verisi-

1964 2673 2104 2726 milis
2125 2673 2330 2726 Heinsii
2362 2675 2653 2727 coniectura
2666 2711 2682 2736 ‚
2722 2682 2775 2726 et
2799 2675 2876 2728 ita
2912 2675 3043 2726 eita-

1966 2759 2046 2812 vit
2066 2758 2206 2810 hunc
2229 2777 2435 2812 versum
2450 2757 2579 2810 olim
2602 2757 2893 2812 Salmasius
2908 2795 2929 2820 ,
2948 2757 3039 2810 ob·

1964 2859 2096 2894 serv.
2118 2839 2183 2892 ad
2207 2841 2292 2893 Ius
2314 2839 2548 2893 Atticum
2562 2877 2581 2903 ,
2615 2859 2732 2912 pag.
2767 2845 2867 2909 267
2882 2858 2907 2909 3
2948 2841 3041 2894 ubi

1966 2921 2033 2974 de
2055 2923 2152 2975 hac
2176 2922 2394 2986 iniuria,
2430 2942 2563 2994 quae
2600 2941 2694 2994 per
2716 2922 2941 2976 verbera
2962 2926 3041 2976 in-

1964 3005 2127 3058 fertur
2137 3043 2155 3068 ,
2170 3014 2221 3056 et
2235 3005 2445 3060 Graecis
2463 3005 2590 3060 αἰκία
2606 3006 2803 3058 dicitur
2818 3043 2834 3069 ,
2849 3005 3033 3077 dispu-

1966 3098 2069 3140 tat:
2106 3107 2200 3158 ego
2240 3099 2409 3142 tamen
2454 3089 2591 3143 nihil
2628 3099 2819 3144 temere
2858 3101 3041 3142 contra

1966 3170 2171 3224 codices
2192 3170 2493 3226 mutandum
2522 3193 2631 3226 esse
2654 3183 2817 3244 put03
2841 3174 2909 3224 de
2942 3175 3041 3242 ple-

1966 3253 2025 3304 be
2044 3255 2184 3306 enim
2206 3253 2510 3324 simpliciter
2530 3257 2686 3308 etiam
2710 3265 2858 3308 notat
2883 3253 3037 3307 abie—

1966 3343 2098 3389 ctam
2120 3347 2325 3390 sortem.
2361 3335 2661 3390 Notandum
2682 3356 2805 3390 vero
2836 3339 3031 3390 Marius

1966 3421 2169 3471 monuit
2183 3456 2199 3482 ,
2256 3419 2503 3489 Quiritem
2544 3419 2631 3472 bic
2672 3421 2729 3473 iu
2796 3419 3045 3488 singulari

1964 3502 2119 3571 poni,
2142 3522 2302 3573 quum
2320 3501 2589 3573 pluraliter
2618 3511 2822 3555 tantum
2850 3503 3036 3554 veteri-

1965 3581 2062 3636 bus
2084 3595 2385 3656 usurpatum
2406 3587 2563 3639 fuisse
2593 3585 2850 3656 Quirites,
2888 3593 3033 3637 notet

1964 3661 2140 3718 Schol.
2162 3665 2284 3718 Hor.
2307 3665 2374 3717 ad
2397 3665 2488 3718 illa
2508 3666 2604 3720 lib.
2626 3668 2703 3728 11,
2728 3665 2836 3718 Od.
2864 3685 2893 3734 7
2908 3685 2924 3716 ε

2015 3761 2121 3812 Quis
2148 3770 2197 3802 to
2220 3764 2449 3804 redonavit
2469 3763 2684 3815 Quiritem

2068 3830 2147 3870 Dis
2170 3831 2339 3884 patriis.

1963 3927 2071 3982 Sed
2095 3938 2149 3981 et
2168 3928 2355 3982 Noster
2374 3929 2455 3982 111
2475 3929 2596 3982 Am.
2614 3930 2696 3984 El.
2726 3941 2785 3997 ¹4
2798 3967 2817 3992 ,
2842 3949 2901 3998 9:

1992 4031 2147 4082 Ignoto
2170 4029 2376 4070 meretrix
2402 4041 2560 4082 eorpus
2585 4029 2793 4070 iunctura
2818 4028 2995 4082 Quiriti.

1966 4111 2033 4165 Et
2054 4114 2247 4182 passim
2268 4111 2358 4163 ille
2388 4121 2441 4164 et
2470 4112 2581 4165 alii.
2650 4109 2868 4164 Colems
2915 4128 3030 4162 vere

1966 4195 2172 4264 Parerg.
2196 4212 2309 4265 cap.
2342 4194 2405 4247 36
2422 4232 2440 4259 ,
2474 4193 2655 4248 docuit
2684 4191 3027 4245 differentiam

1963 4280 2103 4332 inter
2138 4280 2345 4348 pulsan
2390 4289 2445 4331 et
2480 4279 2773 4338 verberare,
2820 4293 3033 4348 quotum

1968 4361 2065 4414 hoc
2086 4363 2292 4431 gravius
2306 4406 2321 4430 ,
2355 4372 2409 4416 et
2438 4357 2559 4416 ideo
2580 4379 2612 4414 a
2630 4360 2883 4416 Cicerone
2898 4395 2915 4424 ,
2940 4354 3025 4420 cu}
