3134 5134
739 355 860 460 62

1351 393 1427 455 P.
1495 391 1759 452 ovmu
1836 387 2185 450 NASONIS

1485 689 1921 778 ELEGIA
1968 690 2169 791 xiv

1402 923 1472 964 m
1501 921 1742 966 mun
1774 919 2005 962 Em
2038 921 2249 962 ΕΑΣΝΑΙ

733 1113 1130 1249 Dicebam
1147 1218 1169 1255 ,
1200 1163 1460 1242 desiste
1492 1169 1659 1238 tuos
1690 1159 2057 1236 medicare
2092 1157 2421 1260 capillos:

835 1287 1148 1386 Tingere
1183 1307 1404 1381 quam
1449 1280 1677 1379 possis
1698 1335 1721 1370 ‚
1762 1279 1911 1351 iam
1946 1277 2073 1350 tibi
2108 1274 2309 1350 nulla
2344 1298 2560 1348 coma
2595 1279 2733 1350 est.

729 1401 867 1492 At,
913 1405 971 1476 si
1003 1427 1212 1502 passa
1249 1402 1478 1484 foreS‚
1511 1395 1683 1496 quid
1729 1401 1891 1469 erat
1927 1393 2312 1492 speciosius
2349 1391 2538 1465 illis?

834 1519 1310 1618 Contigerant
1338 1514 1568 1586 imum
1590 1567 1611 1601 ,
1646 1536 1791 1610 qua
1824 1514 2023 1610 patet
2052 1533 2326 1608 usque,
2361 1507 2581 1582 latus·

731 1631 985 1736 Quid?
1017 1629 1214 1730 quod
1258 1634 1466 1702 erant
1496 1634 1752 1701 tenues
1771 1681 1793 1715 ,
1828 1632 1900 1700 et
1933 1651 2117 1724 quos
2150 1649 2415 1699 ornare
2446 1623 2798 1710 timeres3
2926 1653 2955 1706 s

831 1747 1016 1825 Vela
1047 1745 1347 1822 colorati
1381 1742 1624 1847 qualia
1655 1745 1871 1818 Seres
1898 1741 2201 1816 habent:

807 1969 856 2003 ι.
901 1949 1101 2002 Desiste
1145 1959 1254 2000 tuos
1299 1945 1548 2000 medicare
1574 1946 1797 2014 capillos.

735 2033 1026 2104 cynthiam
1063 2049 1267 2104 quoque
1297 2031 1528 2102 increpat
1563 2030 1797 2099 Propert.

735 2117 822 2178 ll,
844 2115 988 2185 Eleg.
1027 2124 1119 2180 14,
1155 2120 1215 2165 25
1251 2133 1370 2184 sqq.
1411 2112 1555 2184 quod
1592 2121 1801 2165 externo

737 2213 894 2276 caput
915 2205 1080 2256 nitore
1104 2203 1350 2270 tingeret,
1373 2211 1425 2253 et
1447 2219 1543 2252 ora
1580 2217 1799 2252 romana

735 2291 956 2361 turpiter
975 2287 1143 2342 colore
1159 2289 1347 2356 belgico
1367 2285 1615 2340 inficeret.
1664 2284 1801 2336 Nam

737 2391 892 2444 supra
913 2371 1068 2425 iidem
1091 2369 1260 2424 libido
1281 2387 1512 2422 romanas
1545 2377 1801 2421 matronas

735 2457 993 2512 invaserat
1024 2456 1190 2508 crines
1225 2454 1508 2505 medicandi
1523 2487 1540 2514 ‚
1578 2461 1637 2504 ut
1672 2452 1803 2503 ruti-

736 2538 851 2593 lum
888 2538 1110 2592 colorem
1154 2538 1432 2596 referrent,
1466 2537 1560 2608 qui
1594 2535 1803 2590 nativus

735 2619 936 2690 Belgis,
958 2619 1215 2672 Britannis
1229 2655 1245 2680 ‚
1267 2626 1320 2669 et
1343 2617 1408 2670 iis
1428 2614 1673 2669 omnibus
1705 2634 1803 2686 po-

735 2699 896 2774 pulis,
915 2702 1007 2772 qui
1023 2699 1422 2774 septentrionem
1436 2717 1613 2751 versus
1628 2706 1803 2766 agunt.

735 2783 846 2838 Sed
891 2801 1085 2836 morem
1129 2783 1268 2834 hunc
1315 2780 1551 2852 tingendi
1590 2780 1803 2856 capillos

736 2866 903 2920 multo
934 2875 1052 2919 ante
1091 2863 1232 2937 apud
1261 2864 1511 2918 Romanas
1549 2866 1801 2933 viguisse,

737 2967 896 3020 quam
918 2949 985 3001 de
1004 2947 1176 3018 Belgis
1217 2946 1303 3002 vel
1342 2947 1601 3000 Britannis
1632 2947 1805 3001 audia-

737 3043 879 3095 sent,
905 3034 1048 3086 testis
1071 3032 1199 3084 Cato
1215 3032 1270 3082 in
1287 3029 1609 3100 Originibus.
1648 3032 1803 3084 «Mu-

737 3114 908 3177 lieres,
935 3117 1126 3188 inquit,
1147 3125 1348 3168 nostrae
1371 3113 1620 3186 capillum
1639 3118 1805 3168 cinere

738 3197 1108 3266 :inungitabant
1125 3234 1141 3259 ‚
1163 3207 1222 3250 ut
1241 3200 1420 3250 rutilus
1443 3207 1575 3250 esset
1595 3199 1800 3251 crinio.»

745 3281 892 3332 Cim's
915 3289 1085 3332 autem
1118 3299 1222 3351 quo
1245 3280 1569 3334 infucabatur
1588 3281 1806 3352 capilli-

740 3365 876 3418 tium
890 3400 907 3425 ‚
929 3373 988 3416 ut
1009 3363 1269 3426 rutilaret,
1292 3383 1397 3416 non
1421 3367 1466 3418 is
1488 3367 1583 3436 qui
1606 3385 1633 3416 e
1656 3366 1805 3426 focis,

741 3455 1010 3500 consumto
1051 3446 1226 3516 ligno,
1257 3445 1545 3516 colligitur3
1580 3447 1670 3502 sed
1710 3450 1805 3520 qui

740 3545 810 3578 ex
852 3545 1088 3597 expresso
1133 3525 1488 3600 desiccatoque
1531 3527 1804 3582 herbarum

741 3609 1087 3681 quarumdam
1119 3629 1270 3664 succo
1307 3599 1695 3674 conficiebatur,
1740 3632 1801 3666 eo

736 3693 851 3746 fere
881 3711 986 3762 quo
1020 3693 1160 3766 apud
1193 3713 1286 3748 nos
1315 3695 1497 3758 modo,
1531 3699 1583 3749 le
1606 3699 1801 3766 pascal,

743 3775 1039 3846 pastellum.
1077 3777 1338 3833 Ct'nerare'i
1381 3779 1683 3835 dicebantur
1723 3783 1762 3835 ii
1787 3818 1804 3844 ,

745 3862 840 3931 qui
861 3865 1074 3914 cinerem
1091 3861 1228 3916 hunc
1245 3855 1530 3936 parandum
1553 3877 1803 3929 curarent,

647 3979 650 3984 -
744 3953 1087 4016 paratumque
1123 3945 1326 4028 capillis
1362 3947 1724 4011 infunderent,
1754 3959 1808 4004 et

744 4030 840 4100 qui
865 4029 1167 4084 calamistris
1189 4033 1246 4084 in
1271 4037 1433 4085 cinere
1447 4033 1705 4088 calefactis
1727 4054 1807 4088 ca-

741 4121 844 4186 put
863 4111 1196 4166 adornabant.
1218 4114 1432 4184 Egregie
1456 4105 1807 4172 Tertullianus

743 4198 772 4258 (
793 4196 854 4246 de
879 4197 1267 4267 Cedtujema‘n.)
1305 4199 1568 4254 invehitur
1606 4203 1661 4253 in
1694 4221 1808 4254 mo-

745 4295 856 4330 rem
875 4279 1013 4334 hunc
1035 4281 1277 4354 capillos,
1298 4283 1366 4338 ad
1389 4285 1549 4338 instar
1568 4295 1805 4338 externa-

747 4377 864 4418 mm
905 4366 1136 4434 gentium
1157 4401 1176 4430 ,
1225 4367 1494 4438 pingendi.
1565 4392 1595 4421 α
1636 4369 1814 4426 Video

1896 1939 2151 2016 ‚quasdam
2164 1977 2180 2003 ,
2216 1941 2395 2012 inquit
2411 1977 2429 2002 ‚
2452 1949 2507 1994 et
2541 1937 2797 2012 capillum
2830 1959 2961 1990 amco

1901 2035 2114 2080 vertere.
2170 2023 2341 2079 Pudet
2380 2043 2465 2077 eas
2523 2025 2681 2078 etiam
2740 2023 2965 2075 nationis

1900 2130 2050 2174 auae,
2072 2110 2213 2184 quod
2234 2129 2339 2163 non
2358 2112 2646 2163 Germanae
2661 2118 2753 2162 aut
2780 2109 2959 2160 Gallae

1900 2196 2011 2248 sint
2057 2203 2370 2265 procreatae:
2414 2194 2491 2246 ita
2521 2193 2745 2264 patriam
2784 2189 2968 2262 capillo

1902 2273 2243 2332 transfenmt!
2266 2297 2293 2324 »

1972 2377 2023 2410 ι.
2064 2358 2278 2426 :lingere
2300 2343 2451 2426 qtu'zm
2468 2359 2629 2426 possis
2655 2392 2672 2408 .
2717 2355 2859 2408 Puto
2894 2371 2969 2406 re·-

1904 2443 2040 2496 ctius
2084 2442 2297 2515 fingere
2312 2475 2330 2502 ‚
2374 2460 2441 2494 ne
2487 2439 2570 2494 bis
2612 2440 2756 2495 idem
2799 2439 2961 2505 dican

1902 2524 2009 2578 iam
2026 2527 2165 2582 enim
2188 2524 2439 2578 medicare
2452 2526 2659 2594 capillos
2679 2521 2959 2595 praecessit.

1902 2608 2177 2663 Medicam.
2206 2610 2409 2662 Faciei:

2004 2707 2115 2746 Bure
2140 2705 2297 2746 cedent
2312 2735 2327 2756 ,
2338 2708 2600 2760 finguntque
2622 2715 2800 2744 comat.

1904 2788 2019 2840 Art.
2040 2787 2162 2840 Am.
2186 2784 2321 2839 libro
2344 2787 2513 2858 primo
2526 2825 2544 2849 ‚
2563 2783 2661 2840 306
2684 2806 2698 2836 :

1904 2886 2018 2940 Quid
2044 2873 2358 2939 cotie-'pontum
2372 2887 2509 2938 fingis
2528 2885 2677 2938 inepta
2704 2883 2889 2924 comas!
2914 2883 2961 2921 n.

1906 3015 1973 3028 -—
1990 2987 2141 3040 Recte
2164 2985 2381 3058 quidem
2382 2987 2624 3059 fingere,
2648 2987 2704 3038 in
2726 2984 2859 3038 locis
2878 2981 2960 3034 ad·

1904 3069 2056 3138 latis3
2079 3068 2170 3124 sed
2194 3072 2381 3123 rectius
2420 3069 2583 3122 multo
2623 3069 2710 3120 hic
2760 3071 2966 3136 tingere.

1974 3153 2023 3207 3.
2046 3153 2209 3223 ,Quid
2228 3166 2340 3205 erat
2360 3157 2613 3222 speciosius
2645 3153 2751 3203 illis
2776 3157 2801 3218 )
2844 3151 2967 3218 Spa-

1906 3240 2075 3290 tiosius
2096 3274 2112 3299 ‚
2134 3238 2419 3289 Puteaneus
2442 3255 2560 3289 cum
2582 3233 2791 3288 duobus
2828 3234 2965 3292 aliis.

1906 3329 1959 3372 et
2005 3321 2163 3373 Iureti
2207 3322 2485 3391 excerptis:
2524 3331 2675 3374 recte.
2726 3319 2795 3370 Η.
2850 3318 2963 3370 Sine

1906 3400 2069 3456 dubio
2126 3422 2245 3457 vera
2282 3401 2475 3474 lectie3
2502 3413 2555 3456 et
2590 3405 2659 3456 ita
2693 3405 2968 3457 coniecerat

1907 3487 2097 3540 Dousa.
2156 3489 2435 3540 Pretiosa„
2465 3526 2482 3551 ,
2527 3491 2707 3542 tertius
2750 3487 2962 3540 Palatia.

1906 3573 2200 3626 Formosius
2218 3608 2234 3632 ,
2256 3573 2444 3626 Moreti
2470 3575 2685 3644 primus.
2724 3571 2893 3624 anx.

1976 3659 2023 3707 5.
2054 3655 2261 3706 Tenues.
2284 3656 2500 3710 Summa
2524 3657 2575 3707 in
2602 3655 2806 3728 capillis
2828 3674 2957 3708 com-

1906 3737 2199 3792 mendatio:
2225 3741 2346 3802 infr.
2382 3739 2483 3802 111,
2506 3739 2650 3817 Eleg.
2674 3760 2761 3804 10,
2782 3739 2839 3796 33

1907 3855 2037 3893 Flava
2055 3853 2203 3904 Ceres,
2222 3861 2375 3896 tenues
2390 3853 2532 3907 spicia
2540 3853 2745 3896 redimita
2761 3855 2961 3908 capillos·

1908 3953 2269 4008 vid-Broukh.
2296 3955 2363 4008 ad
2388 3956 2512 4010 Tib.
2550 3958 2607 4020 Ι,
2638 3957 2719 4012 ΕΙ.
2759 3976 2847 4020 ιο,
2880 3962 2961 4010 68.

1908 4065 1973 4077 -
2000 4037 2137 4108 Quos
2159 4058 2345 4092 ornare
2380 4044 2601 4092 timer-es.
2650 4041 2828 4094 Codex
2856 4043 2961 4094 Μο-

1906 4122 2037 4182 reti,
2084 4141 2179 4194 pro
2217 4123 2421 4178 diversa
2458 4123 2677 4179 lectione
2700 4163 2715 4188 ,
2748 4138 2955 4196 :Indum

1904 4205 2127 4257 decer-et:
2150 4208 2280 4260 forte
2305 4226 2515 4276 pez-are.
2550 4209 2729 4262 HEIRS.

1972 4291 2021 4339 6.
2062 4287 2201 4340 Vela
2223 4291 2437 4344 colorati
2474 4295 2646 4360 qualia
2682 4293 2832 4346 Seres
2858 4293 2951 4343 ha-

1902 4373 2015 4427 hent
2037 4379 2061 4442 )
2100 4374 2239 4430 Vela
2260 4397 2355 4449 pro
2393 4377 2625 4435 vestibus
2647 4381 2828 4435 sericis
2854 4377 2954 4440 did
