3134 5134
733 372 1088 434 Amouvm
1161 379 1188 434 1
1259 379 1498 460 Eme.
1569 387 1637 446 x.

137 569 252 643 Et
284 569 608 646 miseras
627 572 824 649 iusso
851 602 1154 677 corpore
1181 586 1468 680 quaerit
1491 613 1688 688 opes-

51 683 415 760 'Devovet
444 687 834 788 imperium
861 697 1114 767 tamen
1146 695 1328 772 haec
1354 699 1625 776 lenonis
1649 707 1891 792 avari;

149 797 254 869 Et
273 853 296 886 ‚
335 799 535 896 quod
573 827 700 874 vos
735 805 970 878 facitis
1005 816 1295 908 sponte,
1324 822 1584 889 coacta
1628 819 1825 892 facit.

51 913 352 985 Sumite
391 913 466 986 in
509 917 924 1016 exemplum
951 924 1266 1020 pecudes
1297 928 1575 1004 ratione
1601 940 1968 1008 carentes:
2228 974 2295 1026 25

149 1029 421 1126 Turpe
455 1030 597 1103 erit
642 1033 1008 1134 ingenium
1045 1039 1291 1112 mitius
1332 1066 1486 1116 esse
1530 1045 1725 1118 feris·

39 1146 220 1216 Non
257 1169 450 1242 equa
491 1171 760 1221 munus
797 1176 1072 1248 equum
1093 1206 1116 1240 ,
1147 1180 1288 1228 non
1323 1163 1621 1234 taurum
1656 1187 1886 1250 vacca
1923 1171 2293 1268 poposcit;

145 1261 320 1332 Non
357 1261 544 1334 aries
576 1262 918 1361 placitam
951 1293 1254 1342 munere
1288 1279 1540 1371 captat
1570 1301 1812 1350 ovem.

53 1375 232 1450 Sola
273 1377 428 1450 viro
469 1379 735 1454 mulier
777 1381 1010 1481 spoliis
1045 1385 1360 1460 exsultat
1385 1389 1735 1468 ademtis=

163 1491 332 1564 Sola
373 1491 564 1566 locat
602 1501 890 1582 noctes;
930 1497 1082 1571 sola
1112 1499 1413 1574 locanda
1449 1507 1689 1580 venit:
2208 1551 2281 1600 30

46 1605 152 1678 Et
181 1605 472 1693 vendit,
501 1608 694 1706 quod
723 1618 1118 1712 utrumque
1145 1614 1381 1707 iuvat,
1410 1621 1604 1716 quod
1633 1627 1939 1720 uterque
1964 1627 2287 1724 petebam

141 1720 244 1793 Et
275 1723 636 1818 pretium,
681 1728 931 1823 quanti
963 1729 1280 1828 gaudeat
1325 1731 1513 1829 ipsa,
1540 1736 1737 1810 facit.

39 1837 261 1926 Quae
289 1838 544 1910 Venus
571 1863 664 1912 ex
699 1864 937 1940 aequo
966 1849 1276 1917 ventura
1311 1853 1420 1920 est
1451 1856 1669 1948 grata
1704 1851 1983 1928 duobus
2002 1906 2024 1942 ,

143 1951 416 2026 Altera
451 1979 584 2026 cur
615 1954 811 2028 illam
859 1959 1140 2048 vendit,
1185 1967 1259 2034 et
1296 1959 1480 2034 alter
1519 1965 1749 2039 emit?
1797 2009 1809 2030 ι
1878 2005 1883 2014 -

42 2067 210 2139 Cur
235 2067 420 2140 mihi
450 2071 541 2142 sit
575 2069 840 2145 damno
859 2128 882 2162 ‚
907 2073 1033 2144 tibi
1060 2073 1154 2148 sit
1178 2073 1464 2150 lucrosa
1489 2079 1861 2179 voluptaS‚
2214 2121 2281 2172 35

151 2181 401 2270 Quam
439 2183 633 2256 socio
669 2191 880 2258 motu
915 2188 1184 2259 femina
1210 2188 1462 2286 virque
1491 2193 1788 2267 ferunt?

47 2294 226 2364 Non
257 2293 439 2366 bene
475 2296 810 2372 conducti
845 2299 1168 2374 vendunt
1196 2304 1510 2400 periuria
1539 2312 1767 2382 testes
1786 2338 1810 2382 ε

147 2409 310 2480 Non
343 2409 523 2483 bene
559 2412 800 2488 selecti
830 2414 1074 2488 iudicis
1111 2441 1285 2490 arca
1318 2424 1540 2516 patet.
1634 2443 1641 2448 ·

41 2523 336 2622 Turpe,
362 2551 531 2599 reos
581 2535 778 2601 emta
814 2531 1112 2605 miseros
1139 2531 1520 2608 defendere
1553 2533 1834 2637 lingua:

143 2639 370 2729 Quod
405 2641 630 2715 faciat
654 2669 962 2745 magnas
980 2698 1003 2732 ,
1035 2654 1252 2747 turpe
1270 2699 1292 2735 ,
1315 2648 1635 2723 tribunal
1668 2676 1874 2750 opes:
2135 2731 2141 2737 ,
2205 2690 2271 2758 40

40 2805 200 2858 multi
222 2823 290 2858 ex
315 2807 527 2876 scriptis
533 2824 554 2876 3
575 2803 716 2879 'quod
739 2807 871 2860 male
893 2811 1115 2881 arripuit

37 2888 258 2940 Marius.
293 2887 470 2939 anm.

107 2989 191 3022 22.
227 2973 308 3022 Ec
329 2977 548 3023 miseras
551 3009 638 3024 .....
639 2980 832 3040 quaerit
848 2991 978 3044 opes.
1005 2975 1115 3027 No-

37 3053 206 3104 tanda
225 3055 369 3106 vocis
391 3053 548 3105 huius
581 3057 792 3104 miser-as
830 3057 1116 3126 proprietas

45 3155 180 3186 vere.
225 3135 508 3204 singularis.
583 3136 754 3206 Quem
807 3140 948 3189 enim
965 3175 982 3198 ,
1032 3137 1116 3190 vel

50 3216 188 3268 dum
223 3216 524 3279 detestatur,
555 3221 706 3271 sortis
736 3239 840 3272 non
877 3222 1116 3273 misereat

47 3301 202 3352 istius
241 3299 378 3352 modi
429 3301 704 3352 mulierum
733 3344 748 3368 ‚
796 3321 926 3372 quae
982 3308 1116 3354 iusso

44 3401 256 3448 cor-pore
299 3381 428 3435 tales
471 3403 598 3453 opes
653 3395 908 3455 quaerunt
931 3383 942 3437 !
988 3387 1112 3441 Alio

35 3483 190 3516 sensu
214 3465 398 3516 Horat.
421 3465 871 3550 divicias-miseras
892 3467 912 3517 Ι
947 3469 1118 3520 excla-

37 3557 144 3599 mat
171 3583 189 3608 ,
238 3557 298 3599 ut
357 3547 632 3600 ridendam
674 3551 806 3602 fatui
852 3550 1116 3604 cuiusdam

39 3632 444 3681 ostentationem
467 3633 673 3683 satirico
693 3651 832 3684 more
852 3635 1111 3704 perstrin-

41 3721 146 3779 gat.
185 3713 236 3764 Π
271 3713 384 3765 Sat.
419 3717 554 3774 8,v.
599 3717 674 3766 18.

105 3795 192 3848 30.
258 3797 522 3849 Loeanda.
594 3798 810 3850 Francio
880 3795 1114 3871 placebat

38 3879 229 3931 locata.

108 3964 195 4016 31.
226 3963 305 4014 Ει
329 3965 535 4029 vendit)
559 3964 634 4015 E:
651 3969 798 4034 venit,
826 3965 1112 4038 Gryphius.

45 4046 264 4098 Rectius
288 4045 406 4099 alii:
431 4050 504 4099 ita
525 4048 754 4118 Propert.
771 4050 824 4109 1,
854 4067 904 4099 11
926 4085 943 4110 ‚
968 4063 1022 4115 4:

89 4146 242 4198 Teque
270 4147 512 4198 peregrinis
537 4147 718 4188 vendere
743 4148 1012 4191 munoribus.

44 4227 209 4278 Plaut.
225 4227 345 4280 Mil.
363 4228 448 4293 11,
490 4227 555 4287 3,
588 4239 679 4292 με
711 4227 836 4282 Non
869 4247 964 4298 ego
995 4249 1110 4299 pos-

49 4329 146 4360 sum
165 4345 180 4369 ,
202 4329 332 4380 quae
349 4315 462 4380 ipsa
484 4329 538 4360 se
573 4311 806 4368 venditat
829 4357 842 4378 ‚
873 4317 1108 4368 tuear-ier.

53 4389 214 4446 Bux-
369 4399 377 4409 '

249 4491 482 4566 Ovm.
538 4449 748 4592 oper.
795 4495 1006 4570 Tom.
1037 4497 1127 4570 11.

1265 2777 1362 2864 ⁴32.
1395 2815 1472 2866 Ec
1488 2821 1719 2883 pretium.
1770 2821 1920 2872 Forte
1936 2861 1951 2887 ,
1974 2841 2027 2872 se
2057 2831 2275 2891 pretium

1196 2893 1352 2961 jucis.

1279 2995 1365 3076 33.
1403 3023 1548 3094 Quae
1575 3023 1750 3077 Venus
1771 3046 1837 3078 ex
1852 3047 2009 3098 aequo
2018 3032 2277 3104 etc-«Quae,

1214 3106 1454 3178 voluptas
1477 3111 1683 3180 utrique
1710 3114 1995 3166 communis
2019 3116 2117 3166 erit
2132 3151 2148 3176 ,
2183 3135 2275 3170 cur

1213 3191 1410 3246 venalis
1433 3193 1701 3246 alterutri?

1279 3321 1363 3374 38.
1417 3325 1535 3375 Non
1580 3323 1698 3374 bene
1750 3326 1915 3376 selecti
1956 3327 2131 3378 iudicis
2174 3339 2271 3384 etc.

1219 3403 1504 3456 «Decuriae
1537 3407 1771 3476 quinque
1807 3408 2105 3476 (iudicum)
2129 3413 2272 3484 ipsae

1175 3547 1178 3550 ἢ
1213 3486 1451 3556 pluribus
1481 3487 1731 3540 discretae
1768 3491 2066 3546 nominihus
2101 3498 2270 3566 fuere3

1215 3567 1534 3622 tribunorum
1561 3573 1691 3624 aeris
1710 3608 1727 3632 ,
1745 3573 2033 3626 selectorum
2049 3612 2065 3637 ‚
2101 3587 2153 3630 et
2188 3579 2271 3632 iu-

1211 3649 1404 3704 dicum.
1424 3673 1450 3698 n
1485 3652 1559 3705 Ita
1580 3654 1783 3708 Plinius
1806 3656 2027 3709 xxxm
2045 3702 2059 3726 ,
2084 3677 2131 3711 2.
2167 3663 2270 3713 Ve-

1211 3751 1324 3786 rum
1350 3753 1452 3785 non
1476 3737 1579 3788 fuit
1612 3735 1709 3789 hoc
1736 3739 1909 3790 statim
1941 3740 2141 3795 ordinis
2173 3763 2269 3796 no-
2358 3737 2367 3744 ⁶

1211 3835 1330 3868 men
1347 3853 1364 3877 ‚
1403 3817 1494 3870 sed
1537 3821 1721 3873 sortis:
1766 3839 1887 3872 nam
1930 3840 1959 3872 e
2006 3823 2269 3878 iudicibus

1211 3908 1465 3969 praetores
1478 3900 1673 3953 Vrbani
1686 3938 1703 3962 ,
1722 3901 1817 3954 sub
1838 3905 2105 3956 sortitione
2119 3908 2269 3968 facta,

1208 3983 1464 4052 optimum
1487 4001 1747 4056 quemque
1769 3987 1824 4037 in
1846 3988 2047 4041 selectos
2069 3986 2268 4041 iudices

1206 4065 1493 4118 referebant
1531 4101 1546 4126 ‚
1592 4076 1649 4119 ut
1696 4077 1905 4121 testatur
1948 4070 2128 4122 Cicero
2172 4089 2267 4142 pm

1208 4145 1468 4201 Cluentio.
1492 4177 1556 4188 ·-
1584 4149 1713 4202 Non
1749 4151 1866 4202 bene
1894 4164 2047 4220 pacet.
2091 4153 2267 4224 Turpe

1209 4240 1285 4283 est
1307 4250 1480 4282 amam
1507 4243 1677 4303 putere
1701 4231 1891 4285 iudicis
1906 4279 1921 4302 ,
1958 4236 2265 4304 excipiendo

1208 4314 1404 4370 venalis
1423 4318 1703 4370 sententiae
1719 4351 1737 4378 ,
1759 4316 1845 4370 vel
1869 4317 2025 4369 etiam
2045 4317 2265 4388 iudicii,

1208 4399 1390 4469 pretio.
1485 4430 1490 4441 ·

1791 4497 1859 4570 Ι)
