3134 5134
775 291 786 305 ,
829 188 1016 307 452
1501 216 1780 277 anEx
1849 210 2267 273 sescums

824 418 1100 495 ELEGIA
1128 420 1252 494 xl.
1285 420 1353 491 A
1375 420 1581 518 Nape
1602 474 1623 508 ,
1659 425 1743 491 ut
1780 410 2078 490 tabellas
2106 414 2199 487 ad
2234 412 2625 487 Corinnam
2648 374 2821 512 pere

1163 596 1168 601 ·
1233 552 1464 641 ferat,
1487 538 1765 646 poscit·
1783 591 2819 624 ...............
2926 542 3007 614 5ι

923 706 1028 723 --
1125 667 1282 742 XII.
1309 668 1390 739 ln
1433 664 1728 738 tabellas
1771 663 2249 761 imprecatur,
2300 684 2485 757 quae
2538 654 2815 758 efflagi—

1221 800 1458 869 tatam
1491 794 1583 865 ab
1608 793 1846 867 amica
1880 797 2167 865 noctem
2208 795 2559 888 negantes
2586 784 2823 858 redie-

1229 930 1395 998 rant
1491 974 1512 995 .
1565 910 1623 995 .'
1637 963 2825 996 .................
2921 914 3002 1003 54

929 1094 1029 1113 --
1128 1053 1316 1125 xm.
1333 1051 1442 1123 Ad
1461 1056 1861 1138 Auroram,
1886 1073 1975 1121 ne
1992 1047 2295 1121 nimium
2312 1048 2653 1145 properet
2717 1093 2738 1114 .
2790 1095 2810 1115 .
2908 1046 2987 1137 57

929 1212 1032 1229 --
1133 1176 1323 1247 XIV.
1357 1173 1468 1245 Ad
1501 1171 1824 1247 Puellam
1858 1178 2150 1271 repente
2186 1170 2469 1244 calvam
2502 1217 2820 1241 .....
2910 1169 2992 1241 62

927 1340 1032 1363 ⁹—-
1131 1303 1294 1376 XV.
1329 1302 1412 1373 ln
1439 1299 1591 1373 illos
1638 1300 1760 1397 qui
1812 1299 2134 1397 poeticae
2186 1297 2361 1371 artis
2408 1294 2697 1369 laudem
2750 1302 2828 1369 et

1235 1429 1553 1504 studium
1588 1427 2085 1501 detrectabant
2136 1471 2817 1502 ..........
2902 1421 2983 1495 68

1533 1664 1795 1725 LIBER
1850 1664 2337 1723 SECVNDVS

935 1911 1036 1929 --
1131 1870 1185 1947 Ῑ.
1237 1872 1478 1965 Quod,
1537 1896 1671 1970 pro
1730 1863 2377 1970 Gigantomachia,
2426 1888 2650 1961 quam
2710 1864 2821 1935 in·-

1239 2002 1669 2088 choaverat,
1706 2000 2008 2069 Amores
2042 1993 2312 2071 scribat
2363 2040 2825 2066 .......
2912 1991 2991 2083 73

937 2164 1040 2184 ·-—
1139 2130 1227 2201 11.
1253 2129 1364 2201 Ad
1398 2131 1717 2229 Bagoam
1754 2124 2179 2224 quemdam,
2210 2121 2683 2212 Eunuchum,
2716 2108 2841 2197 'ut'

1241 2254 1554 2340 aditum,
1606 2254 1693 2323 ad
1756 2250 2122 2323 dominam
2180 2274 2401 2345 quam
2450 2248 2827 2338 servabat,

1243 2379 1589 2477 praebeat
1622 2376 1877 2447 Ovidio
1912 2376 2194 2449 facilem
2289 2427 2814 2453 ........
2912 2396 2978 2469 77

947 2546 1048 2565 --
1121 2508 1274 2578 ·111.·
1307 2506 1416 2579 Ad
1452 2504 1818 2593 eumdem,
1866 2504 1989 2600 qui
2040 2503 2371 2601 precibus
2412 2504 2657 2580 durior
2706 2506 2833 2581 ob-

1251 2634 1534 2708 stiterat
1569 2686 1589 2706 .
1643 2684 1665 2706 .
1704 2706 1711 2713 ,
1716 2680 2830 2708 ................
2906 2628 2984 2705 83

948 2804 1048 2819 —-
1146 2764 1267 2836 IV.
1303 2762 1512 2855 Quod
1562 2766 1801 2852 amet,
1834 2766 1907 2834 et
1939 2760 2213 2859 puellae
2266 2788 2557 2854 omnae,
2616 2786 2833 2861 quae-

1249 2914 1563 2987 cumque
1598 2890 1833 2961 forma
1866 2888 1993 2979 sit,
2032 2890 2165 2985 ipsi
2199 2888 2533 2985 placeant
2598 2938 2618 2961 .
2672 2942 2691 2962 .
2741 2943 2763 2963 .
2811 2939 2831 2962 .
2910 2887 2987 2973 84

948 3060 1050 3075 --
1147 3020 1236 3093 V.
1273 3018 1352 3090 In
1387 3019 1705 3091 amicam
1734 3016 2137 3105 invehitur,
2172 3039 2395 3115 quae,
2428 3020 2583 3117 ipso
2616 3046 2828 3119 prae-

1251 3149 1448 3218 sente
1481 3150 1554 3217 et
1584 3168 1920 3217 somnum
1954 3141 2376 3234 simulante,
2409 3147 2679 3219 amoris
2704 3172 2839 3220 non

1251 3268 1440 3340 dubii
1477 3269 1682 3369 signa
1709 3269 2054 3341 convivae
2080 3268 2365 3341 cuidam
2394 3276 2840 3343 concesserat
2917 3260 2993 3339 83

950 3436 1055 3451 --
1151 3395 1273 3467 Vl.
1318 3396 1722 3469 Psittacum
1740 3453 1761 3485 ‚
1806 3420 2024 3493 quem
2074 3396 2356 3469 amicae
2412 3394 2837 3487 donaverat,

1059 3608 1072 3633 τ
1253 3522 1457 3624 luget
1489 3526 1957 3601 interemtum
2001 3568 2007 3577 ·
2026 3576 2843 3601 ............
2918 3542 2995 3619 92

951 3688 1055 3708 --
1151 3649 1308 3722 Vn.
1343 3648 1454 3721 Ad
1489 3649 1911 3725 Corinnam:
1946 3657 2162 3751 negat
2194 3650 2421 3725 ullam
2471 3650 2602 3723 sibi
2674 3676 2841 3725 cum

1254 3776 1550 3875 Cypassi
1582 3779 1797 3851 fuisse
1832 3779 2425 3853 consuetudinem
2460 3831 2841 3855 ......
2922 3768 2999 3869 93

956 3944 1058 3959 --
1153 3906 1342 3977 vlu.
1405 3904 1538 3977 Ad·
1564 3906 1975 4009 Cypassim:
2022 3910 2310 4005 quaerit
2354 3908 2612 3981 anxius
2662 3908 2841 3982 unde

1217 4080 1222 4085 -
1255 4034 1558 4109 furtivos
1607 4036 1887 4110 illorum
1936 4062 2219 4111 amores
2252 4038 2560 4111 Corinna
2592 4036 2845 4136 depre-

1257 4162 1587 4240 henderit
1654 4215 2847 4243 .................
2894 4180 2997 4235 ιοι
