<?xml version="1.0" encoding="UTF-8"?>
<!DOCTYPE html PUBLIC "-//W3C//DTD XHTML 1.0 Transitional//EN"
    "http://www.w3.org/TR/xhtml1/DTD/xhtml1-transitional.dtd">
<html xmlns="http://www.w3.org/1999/xhtml" xml:lang="en" lang="en">
 <head>
  <title>
</title>
<meta http-equiv="Content-Type" content="text/html;charset=utf-8" />
  <meta name='ocr-system' content='tesseract 3.04.00' />
  <meta name='ocr-capabilities' content='ocr_page ocr_carea ocr_par ocr_line ocrx_word'/>
</head>
<body>
  <div class='ocr_page' id='page_1' title='image "./publiiovidiinas00burmgoog_0337.png"; bbox 0 0 3134 5134; ppageno 0'>
   <div class='ocr_carea' id='block_1_1' title="bbox 391 674 2227 1193">
    <p class='ocr_par' dir='ltr' id='par_1_1' title="bbox 391 674 2227 1193">
     <span class='ocr_line' id='line_1_1' title="bbox 647 674 1974 782; baseline 0.005 -7"><span class='ocrx_word' id='word_1_1' title='bbox 647 674 744 775; x_wconf 89' lang='lat' dir='ltr'><strong>P.</strong></span> <span class='ocrx_word' id='word_1_2' title='bbox 817 674 1280 778; x_wconf 88' lang='lat' dir='ltr'><strong>OVIDII</strong></span> <span class='ocrx_word' id='word_1_3' title='bbox 1349 679 1974 782; x_wconf 88' lang='lat' dir='ltr'><strong>NASONIS</strong></span> 
     </span>
     <span class='ocr_line' id='line_1_2' title="bbox 391 957 2227 1193; baseline 0.015 -97"><span class='ocrx_word' id='word_1_4' title='bbox 391 957 970 1120; x_wconf 58' lang='lat' dir='ltr'><strong>ARTIS,</strong></span> <span class='ocrx_word' id='word_1_5' title='bbox 1073 964 2227 1193; x_wconf 72' lang='grc' dir='ltr'><strong>ΑΜΑΤΟΒΙᾼΕ·</strong></span> 
     </span>
    </p>
   </div>
   <div class='ocr_carea' id='block_1_2' title="bbox 849 1311 1754 1421">
    <p class='ocr_par' dir='ltr' id='par_1_2' title="bbox 849 1311 1754 1421">
     <span class='ocr_line' id='line_1_3' title="bbox 849 1311 1754 1421; baseline 0.008 -7"><span class='ocrx_word' id='word_1_6' title='bbox 849 1313 1198 1418; x_wconf 81' lang='lat' dir='ltr'><strong>LIBER</strong></span> <span class='ocrx_word' id='word_1_7' title='bbox 1248 1311 1754 1421; x_wconf 78' lang='lat' dir='ltr'><strong>TERTIVS</strong></span> 
     </span>
    </p>
   </div>
   <div class='ocr_carea' id='block_1_3' title="bbox 185 1669 2425 2409">
    <p class='ocr_par' dir='ltr' id='par_1_3' title="bbox 185 1669 2268 1944">
     <span class='ocr_line' id='line_1_4' title="bbox 185 1669 2268 1836; baseline 0.005 -30"><span class='ocrx_word' id='word_1_8' title='bbox 185 1669 470 1806; x_wconf 79' lang='lat' dir='ltr'><strong>Arma</strong></span> <span class='ocrx_word' id='word_1_9' title='bbox 503 1731 662 1806; x_wconf 90' lang='lat' dir='ltr'><strong>dedi</strong></span> <span class='ocrx_word' id='word_1_10' title='bbox 694 1733 966 1807; x_wconf 80' lang='lat' dir='ltr'><strong>Danais</strong></span> <span class='ocrx_word' id='word_1_11' title='bbox 1007 1736 1084 1808; x_wconf 90' lang='lat' dir='ltr'><strong>in</strong></span> <span class='ocrx_word' id='word_1_12' title='bbox 1117 1735 1564 1809; x_wconf 81' lang='lat' dir='ltr'><strong>Amazonas:</strong></span> <span class='ocrx_word' id='word_1_13' title='bbox 1600 1761 1811 1810; x_wconf 85' lang='lat' dir='ltr'><strong>arma</strong></span> <span class='ocrx_word' id='word_1_14' title='bbox 1844 1747 2268 1836; x_wconf 79' lang='lat' dir='ltr'><strong>supersunt,</strong></span> 
     </span>
     <span class='ocr_line' id='line_1_5' title="bbox 297 1849 2102 1944; baseline 0.005 -22"><span class='ocrx_word' id='word_1_15' title='bbox 297 1851 510 1940; x_wconf 84' lang='lat' dir='ltr'>Quae</span> <span class='ocrx_word' id='word_1_16' title='bbox 542 1850 672 1923; x_wconf 83' lang='lat' dir='ltr'><strong>tihi</strong></span> <span class='ocrx_word' id='word_1_17' title='bbox 707 1849 911 1937; x_wconf 88' lang='lat' dir='ltr'><strong>dem,</strong></span> <span class='ocrx_word' id='word_1_18' title='bbox 948 1857 1022 1924; x_wconf 86' lang='lat' dir='ltr'><strong>et</strong></span> <span class='ocrx_word' id='word_1_19' title='bbox 1053 1851 1348 1941; x_wconf 78' lang='lat' dir='ltr'><strong>turbae,</strong></span> <span class='ocrx_word' id='word_1_20' title='bbox 1383 1851 1829 1928; x_wconf 81' lang='lat' dir='ltr'><strong>Penthesilea</strong></span> <span class='ocrx_word' id='word_1_21' title='bbox 1852 1909 1875 1944; x_wconf 90' lang='lat'><strong>,</strong></span> <span class='ocrx_word' id='word_1_22' title='bbox 1906 1862 2102 1930; x_wconf 83' lang='lat' dir='ltr'><strong>tuae.</strong></span> 
     </span>
    </p>

    <p class='ocr_par' dir='ltr' id='par_1_4' title="bbox 189 1965 2074 2180">
     <span class='ocr_line' id='line_1_6' title="bbox 189 1965 2074 2065; baseline 0.003 -27"><span class='ocrx_word' id='word_1_23' title='bbox 189 1967 306 2040; x_wconf 82' lang='lat' dir='ltr'><strong>lte</strong></span> <span class='ocrx_word' id='word_1_24' title='bbox 337 1966 410 2038; x_wconf 90' lang='lat' dir='ltr'><strong>in</strong></span> <span class='ocrx_word' id='word_1_25' title='bbox 443 1965 628 2040; x_wconf 79' lang='lat' dir='ltr'><strong>bella</strong></span> <span class='ocrx_word' id='word_1_26' title='bbox 661 1991 906 2065; x_wconf 86' lang='lat' dir='ltr'><strong>pares:</strong></span> <span class='ocrx_word' id='word_1_27' title='bbox 945 1968 1242 2040; x_wconf 82' lang='lat' dir='ltr'><strong>vincant</strong></span> <span class='ocrx_word' id='word_1_28' title='bbox 1260 2017 1282 2050; x_wconf 90' lang='lat'><strong>,</strong></span> <span class='ocrx_word' id='word_1_29' title='bbox 1316 1967 1578 2064; x_wconf 84' lang='lat' dir='ltr'><strong>quibus</strong></span> <span class='ocrx_word' id='word_1_30' title='bbox 1612 1966 1811 2040; x_wconf 86' lang='lat' dir='ltr'><strong>alma</strong></span> <span class='ocrx_word' id='word_1_31' title='bbox 1828 1968 2074 2044; x_wconf 83' lang='lat' dir='ltr'><strong>Dione</strong></span> 
     </span>
     <span class='ocr_line' id='line_1_7' title="bbox 299 2078 1854 2180; baseline 0.003 -30"><span class='ocrx_word' id='word_1_32' title='bbox 299 2079 595 2154; x_wconf 84' lang='lat' dir='ltr'><strong>Faverit</strong></span> <span class='ocrx_word' id='word_1_33' title='bbox 613 2129 634 2166; x_wconf 91' lang='lat'><strong>,</strong></span> <span class='ocrx_word' id='word_1_34' title='bbox 669 2086 776 2169; x_wconf 82' lang='lat' dir='ltr'><strong>et,</strong></span> <span class='ocrx_word' id='word_1_35' title='bbox 816 2084 970 2152; x_wconf 83' lang='lat' dir='ltr'><strong>toto</strong></span> <span class='ocrx_word' id='word_1_36' title='bbox 1007 2080 1131 2178; x_wconf 89' lang='lat' dir='ltr'><strong>qui</strong></span> <span class='ocrx_word' id='word_1_37' title='bbox 1164 2078 1362 2155; x_wconf 84' lang='lat' dir='ltr'><strong>volat</strong></span> <span class='ocrx_word' id='word_1_38' title='bbox 1399 2081 1613 2166; x_wconf 83' lang='lat' dir='ltr'><strong>orbe,</strong></span> <span class='ocrx_word' id='word_1_39' title='bbox 1645 2107 1854 2180; x_wconf 84' lang='lat' dir='ltr'><strong>puer.</strong></span> 
     </span>
    </p>

    <p class='ocr_par' dir='ltr' id='par_1_5' title="bbox 191 2193 2425 2409">
     <span class='ocr_line' id='line_1_8' title="bbox 191 2193 2425 2292; baseline 0.003 -28"><span class='ocrx_word' id='word_1_40' title='bbox 191 2193 362 2265; x_wconf 85' lang='lat' dir='ltr'><strong>Non</strong></span> <span class='ocrx_word' id='word_1_41' title='bbox 396 2198 559 2264; x_wconf 86' lang='lat' dir='ltr'><strong>erat</strong></span> <span class='ocrx_word' id='word_1_42' title='bbox 591 2193 895 2264; x_wconf 84' lang='lat' dir='ltr'><strong>armatis</strong></span> <span class='ocrx_word' id='word_1_43' title='bbox 929 2218 1247 2292; x_wconf 85' lang='lat' dir='ltr'><strong>aequum</strong></span> <span class='ocrx_word' id='word_1_44' title='bbox 1283 2217 1722 2270; x_wconf 86' lang='lat' dir='ltr'><strong>concurrere</strong></span> <span class='ocrx_word' id='word_1_45' title='bbox 1754 2196 2021 2284; x_wconf 84' lang='lat' dir='ltr'><strong>nudas:</strong></span> <span class='ocrx_word' id='word_1_46' title='bbox 2136 2211 2139 2216; x_wconf 83' lang='lat'>&#39;</span> <span class='ocrx_word' id='word_1_47' title='bbox 2392 2225 2425 2282; x_wconf 78' lang='lat'>⁵</span> 
     </span>
     <span class='ocr_line' id='line_1_9' title="bbox 298 2303 1738 2409; baseline 0.002 -33"><span class='ocrx_word' id='word_1_48' title='bbox 298 2303 422 2376; x_wconf 90' lang='lat' dir='ltr'><strong>Sic</strong></span> <span class='ocrx_word' id='word_1_49' title='bbox 457 2305 681 2377; x_wconf 81' lang='lat' dir='ltr'><strong>etiam</strong></span> <span class='ocrx_word' id='word_1_50' title='bbox 719 2305 922 2378; x_wconf 87' lang='lat' dir='ltr'><strong>vobis</strong></span> <span class='ocrx_word' id='word_1_51' title='bbox 959 2307 1251 2380; x_wconf 87' lang='lat' dir='ltr'><strong>vincere</strong></span> <span class='ocrx_word' id='word_1_52' title='bbox 1288 2313 1540 2409; x_wconf 83' lang='lat' dir='ltr'><strong>turpe,</strong></span> <span class='ocrx_word' id='word_1_53' title='bbox 1580 2309 1738 2380; x_wconf 82' lang='lat' dir='ltr'><strong>viri.</strong></span> 
     </span>
    </p>
   </div>
   <div class='ocr_carea' id='block_1_4' title="bbox 193 2419 2089 2528">
    <p class='ocr_par' dir='ltr' id='par_1_6' title="bbox 193 2419 2089 2528">
     <span class='ocr_line' id='line_1_10' title="bbox 193 2419 2089 2528; baseline 0.004 -34"><span class='ocrx_word' id='word_1_54' title='bbox 193 2420 491 2494; x_wconf 83' lang='lat' dir='ltr'><strong>Dixerit</strong></span> <span class='ocrx_word' id='word_1_55' title='bbox 523 2445 564 2494; x_wconf 89' lang='lat' dir='ltr'><strong>e</strong></span> <span class='ocrx_word' id='word_1_56' title='bbox 597 2419 848 2494; x_wconf 81' lang='lat' dir='ltr'><strong>multis</strong></span> <span class='ocrx_word' id='word_1_57' title='bbox 885 2421 1178 2520; x_wconf 88' lang='lat' dir='ltr'><strong>aliquis:</strong></span> <span class='ocrx_word' id='word_1_58' title='bbox 1215 2423 1388 2520; x_wconf 89' lang='lat' dir='ltr'><strong>quid</strong></span> <span class='ocrx_word' id='word_1_59' title='bbox 1423 2427 1627 2496; x_wconf 85' lang='lat' dir='ltr'><strong>virus</strong></span> <span class='ocrx_word' id='word_1_60' title='bbox 1660 2425 1733 2496; x_wconf 92' lang='lat' dir='ltr'><strong>in</strong></span> <span class='ocrx_word' id='word_1_61' title='bbox 1766 2450 2089 2528; x_wconf 88' lang='lat' dir='ltr'><strong>anguem</strong></span> 
     </span>
    </p>
   </div>
   <div class='ocr_carea' id='block_1_5' title="bbox 299 2535 1833 2640">
    <p class='ocr_par' dir='ltr' id='par_1_7' title="bbox 299 2535 1833 2640">
     <span class='ocr_line' id='line_1_11' title="bbox 299 2535 1833 2640; baseline 0.003 -31"><span class='ocrx_word' id='word_1_62' title='bbox 299 2535 621 2614; x_wconf 72' lang='lat' dir='ltr'><strong>Adiieis?</strong></span> <span class='ocrx_word' id='word_1_63' title='bbox 654 2543 728 2616; x_wconf 82' lang='lat' dir='ltr'><strong>et</strong></span> <span class='ocrx_word' id='word_1_64' title='bbox 758 2535 1054 2614; x_wconf 71' lang='lat' dir='ltr'><strong>rabidae</strong></span> <span class='ocrx_word' id='word_1_65' title='bbox 1087 2537 1314 2612; x_wconf 84' lang='lat' dir='ltr'><strong>tradis</strong></span> <span class='ocrx_word' id='word_1_66' title='bbox 1347 2537 1532 2612; x_wconf 88' lang='lat' dir='ltr'><strong>ovile</strong></span> <span class='ocrx_word' id='word_1_67' title='bbox 1568 2539 1833 2640; x_wconf 86' lang='lat' dir='ltr'><strong>lupae?</strong></span> 
     </span>
    </p>
   </div>
   <div class='ocr_carea' id='block_1_6' title="bbox 194 2736 1286 4391">
    <p class='ocr_par' dir='ltr' id='par_1_8' title="bbox 194 2736 1285 4304">
     <span class='ocr_line' id='line_1_12' title="bbox 266 2736 1266 2792; baseline -0.005 0"><span class='ocrx_word' id='word_1_68' title='bbox 266 2759 316 2792; x_wconf 80' lang='grc' dir='ltr'><strong>ι.</strong></span> <span class='ocrx_word' id='word_1_69' title='bbox 349 2736 522 2792; x_wconf 79' lang='lat' dir='ltr'><strong>Arma</strong></span> <span class='ocrx_word' id='word_1_70' title='bbox 545 2737 662 2790; x_wconf 73' lang='lat' dir='ltr'><strong>dedi</strong></span> <span class='ocrx_word' id='word_1_71' title='bbox 695 2737 898 2790; x_wconf 75' lang='lat' dir='ltr'><strong>Danais</strong></span> <span class='ocrx_word' id='word_1_72' title='bbox 936 2742 990 2789; x_wconf 81' lang='lat' dir='ltr'><strong>in</strong></span> <span class='ocrx_word' id='word_1_73' title='bbox 1025 2737 1266 2792; x_wconf 77' lang='lat' dir='ltr'><strong>Amazo-</strong></span> 
     </span>
     <span class='ocr_line' id='line_1_13' title="bbox 194 2819 1267 2892; baseline 0.001 -17"><span class='ocrx_word' id='word_1_74' title='bbox 194 2839 310 2875; x_wconf 69' lang='lat' dir='ltr'><strong>nas·</strong></span> <span class='ocrx_word' id='word_1_75' title='bbox 369 2820 524 2873; x_wconf 80' lang='lat' dir='ltr'><strong>Recte</strong></span> <span class='ocrx_word' id='word_1_76' title='bbox 567 2819 784 2892; x_wconf 83' lang='lat' dir='ltr'><strong>quidem</strong></span> <span class='ocrx_word' id='word_1_77' title='bbox 829 2821 1033 2872; x_wconf 75' lang='lat' dir='ltr'><strong>Danais</strong></span> <span class='ocrx_word' id='word_1_78' title='bbox 1053 2843 1067 2870; x_wconf 94' lang='grc'><strong>.·</strong></span> <span class='ocrx_word' id='word_1_79' title='bbox 1105 2841 1267 2892; x_wconf 84' lang='lat' dir='ltr'><strong>quum</strong></span> 
     </span>
     <span class='ocr_line' id='line_1_14' title="bbox 196 2904 1269 2962; baseline -0.002 -4"><span class='ocrx_word' id='word_1_80' title='bbox 196 2906 342 2958; x_wconf 85' lang='lat' dir='ltr'><strong>enim</strong></span> <span class='ocrx_word' id='word_1_81' title='bbox 366 2905 651 2958; x_wconf 76' lang='lat' dir='ltr'><strong>Amazones</strong></span> <span class='ocrx_word' id='word_1_82' title='bbox 667 2904 735 2958; x_wconf 81' lang='lat' dir='ltr'><strong>ab</strong></span> <span class='ocrx_word' id='word_1_83' title='bbox 757 2905 976 2961; x_wconf 81' lang='lat' dir='ltr'><strong>Hercule</strong></span> <span class='ocrx_word' id='word_1_84' title='bbox 999 2914 1052 2958; x_wconf 84' lang='lat' dir='ltr'><strong>et</strong></span> <span class='ocrx_word' id='word_1_85' title='bbox 1067 2906 1269 2962; x_wconf 81' lang='lat' dir='ltr'><strong>Theseo</strong></span> 
     </span>
     <span class='ocr_line' id='line_1_15' title="bbox 197 2985 1272 3057; baseline -0.001 -18"><span class='ocrx_word' id='word_1_86' title='bbox 197 2987 398 3040; x_wconf 79' lang='lat' dir='ltr'><strong>nativis</strong></span> <span class='ocrx_word' id='word_1_87' title='bbox 421 2989 476 3038; x_wconf 92' lang='lat' dir='ltr'><strong>in</strong></span> <span class='ocrx_word' id='word_1_88' title='bbox 509 2987 721 3044; x_wconf 85' lang='lat' dir='ltr'><strong>sedibus</strong></span> <span class='ocrx_word' id='word_1_89' title='bbox 757 2985 896 3044; x_wconf 83' lang='lat' dir='ltr'><strong>bello</strong></span> <span class='ocrx_word' id='word_1_90' title='bbox 923 2987 1182 3057; x_wconf 76' lang='lat' dir='ltr'><strong>adpetitae</strong></span> <span class='ocrx_word' id='word_1_91' title='bbox 1219 2997 1272 3043; x_wconf 89' lang='lat' dir='ltr'><strong>et</strong></span> 
     </span>
     <span class='ocr_line' id='line_1_16' title="bbox 205 3069 1276 3138; baseline 0.002 -16"><span class='ocrx_word' id='word_1_92' title='bbox 205 3072 371 3122; x_wconf 77' lang='lat' dir='ltr'><strong>victae</strong></span> <span class='ocrx_word' id='word_1_93' title='bbox 401 3079 574 3124; x_wconf 85' lang='lat' dir='ltr'><strong>essent</strong></span> <span class='ocrx_word' id='word_1_94' title='bbox 597 3108 614 3138; x_wconf 77' lang='lat'><strong>,</strong></span> <span class='ocrx_word' id='word_1_95' title='bbox 643 3069 841 3126; x_wconf 76' lang='lat' dir='ltr'><strong>bellurn</strong></span> <span class='ocrx_word' id='word_1_96' title='bbox 882 3069 1094 3128; x_wconf 79' lang='lat' dir='ltr'><strong>Graecis</strong></span> <span class='ocrx_word' id='word_1_97' title='bbox 1137 3072 1276 3125; x_wconf 85' lang='lat' dir='ltr'><strong>intu-</strong></span> 
     </span>
     <span class='ocr_line' id='line_1_17' title="bbox 211 3149 1272 3222; baseline 0.002 -20"><span class='ocrx_word' id='word_1_98' title='bbox 211 3149 380 3203; x_wconf 80' lang='lat' dir='ltr'><strong>lerunt</strong></span> <span class='ocrx_word' id='word_1_99' title='bbox 401 3189 418 3214; x_wconf 88' lang='lat'>‚</span> <span class='ocrx_word' id='word_1_100' title='bbox 463 3153 760 3204; x_wconf 79' lang='lat' dir='ltr'><strong>transmisso</strong></span> <span class='ocrx_word' id='word_1_101' title='bbox 812 3149 1011 3203; x_wconf 83' lang='lat' dir='ltr'><strong>scilicet</strong></span> <span class='ocrx_word' id='word_1_102' title='bbox 1052 3150 1272 3222; x_wconf 88' lang='lat' dir='ltr'><strong>Bosporo</strong></span> 
     </span>
     <span class='ocr_line' id='line_1_18' title="bbox 214 3234 1272 3308; baseline 0 -22"><span class='ocrx_word' id='word_1_103' title='bbox 214 3234 487 3288; x_wconf 81' lang='lat' dir='ltr'><strong>Cimmerio</strong></span> <span class='ocrx_word' id='word_1_104' title='bbox 519 3255 539 3306; x_wconf 77' lang='lat'>3</span> <span class='ocrx_word' id='word_1_105' title='bbox 585 3235 808 3308; x_wconf 78' lang='lat' dir='ltr'><strong>indeque</strong></span> <span class='ocrx_word' id='word_1_106' title='bbox 859 3255 947 3304; x_wconf 81' lang='lat' dir='ltr'><strong>per</strong></span> <span class='ocrx_word' id='word_1_107' title='bbox 999 3235 1272 3288; x_wconf 80' lang='lat' dir='ltr'><strong>Thraciam</strong></span> 
     </span>
     <span class='ocr_line' id='line_1_19' title="bbox 209 3317 1274 3390; baseline -0.002 -18"><span class='ocrx_word' id='word_1_108' title='bbox 209 3317 524 3390; x_wconf 71' lang='lat' dir='ltr'><strong>Eut-opacam</strong></span> <span class='ocrx_word' id='word_1_109' title='bbox 541 3354 558 3378; x_wconf 94' lang='lat'><strong>,</strong></span> <span class='ocrx_word' id='word_1_110' title='bbox 582 3318 939 3372; x_wconf 83' lang='lat' dir='ltr'><strong>Macedoniam</strong></span> <span class='ocrx_word' id='word_1_111' title='bbox 963 3337 1021 3370; x_wconf 79' lang='lat' dir='ltr'><strong>ac</strong></span> <span class='ocrx_word' id='word_1_112' title='bbox 1042 3317 1274 3370; x_wconf 66' lang='lat' dir='ltr'><strong>Thessa«-</strong></span> 
     </span>
     <span class='ocr_line' id='line_1_20' title="bbox 203 3397 1274 3480; baseline 0.001 -28"><span class='ocrx_word' id='word_1_113' title='bbox 203 3397 354 3464; x_wconf 85' lang='lat' dir='ltr'><strong>liam,</strong></span> <span class='ocrx_word' id='word_1_114' title='bbox 367 3401 567 3453; x_wconf 84' lang='lat' dir='ltr'><strong>aditum</strong></span> <span class='ocrx_word' id='word_1_115' title='bbox 583 3400 682 3454; x_wconf 80' lang='lat' dir='ltr'><strong>sibi</strong></span> <span class='ocrx_word' id='word_1_116' title='bbox 700 3413 1007 3476; x_wconf 84' lang='lat' dir='ltr'><strong>aperueruut</strong></span> <span class='ocrx_word' id='word_1_117' title='bbox 1023 3401 1088 3453; x_wconf 84' lang='lat' dir='ltr'><strong>ad</strong></span> <span class='ocrx_word' id='word_1_118' title='bbox 1107 3403 1274 3480; x_wconf 81' lang='lat' dir='ltr'><strong>ipsam</strong></span> 
     </span>
     <span class='ocr_line' id='line_1_21' title="bbox 199 3485 1274 3560; baseline -0.001 -21"><span class='ocrx_word' id='word_1_119' title='bbox 199 3485 610 3542; x_wconf 75' lang='lat' dir='ltr'><strong>Atheniensium</strong></span> <span class='ocrx_word' id='word_1_120' title='bbox 634 3503 800 3543; x_wconf 76' lang='lat' dir='ltr'><strong>arcem</strong></span> <span class='ocrx_word' id='word_1_121' title='bbox 819 3522 837 3554; x_wconf 90' lang='lat'><strong>,</strong></span> <span class='ocrx_word' id='word_1_122' title='bbox 861 3505 1018 3560; x_wconf 84' lang='lat' dir='ltr'><strong>quam</strong></span> <span class='ocrx_word' id='word_1_123' title='bbox 1039 3486 1274 3558; x_wconf 84' lang='lat' dir='ltr'><strong>aliquan-</strong></span> 
     </span>
     <span class='ocr_line' id='line_1_22' title="bbox 203 3567 1272 3646; baseline 0.002 -26"><span class='ocrx_word' id='word_1_124' title='bbox 203 3567 302 3622; x_wconf 81' lang='lat' dir='ltr'><strong>diu</strong></span> <span class='ocrx_word' id='word_1_125' title='bbox 352 3576 643 3620; x_wconf 80' lang='lat' dir='ltr'><strong>tenuerunt.</strong></span> <span class='ocrx_word' id='word_1_126' title='bbox 696 3569 892 3620; x_wconf 81' lang='lat' dir='ltr'><strong>Tamen</strong></span> <span class='ocrx_word' id='word_1_127' title='bbox 935 3569 1058 3626; x_wconf 83' lang='lat' dir='ltr'><strong>hinc</strong></span> <span class='ocrx_word' id='word_1_128' title='bbox 1093 3569 1272 3646; x_wconf 77' lang='lat' dir='ltr'><strong>pulsae</strong></span> 
     </span>
     <span class='ocr_line' id='line_1_23' title="bbox 206 3649 1272 3722; baseline -0.002 -17"><span class='ocrx_word' id='word_1_129' title='bbox 206 3657 332 3705; x_wconf 78' lang='lat' dir='ltr'><strong>s‘unt</strong></span> <span class='ocrx_word' id='word_1_130' title='bbox 356 3671 385 3703; x_wconf 88' lang='lat' dir='ltr'><strong>a</strong></span> <span class='ocrx_word' id='word_1_131' title='bbox 409 3649 611 3704; x_wconf 79' lang='lat' dir='ltr'><strong>Theseo</strong></span> <span class='ocrx_word' id='word_1_132' title='bbox 625 3689 642 3713; x_wconf 86' lang='lat'><strong>,</strong></span> <span class='ocrx_word' id='word_1_133' title='bbox 665 3659 724 3702; x_wconf 88' lang='lat' dir='ltr'><strong>ut</strong></span> <span class='ocrx_word' id='word_1_134' title='bbox 743 3650 964 3722; x_wconf 80' lang='lat' dir='ltr'><strong>probant</strong></span> <span class='ocrx_word' id='word_1_135' title='bbox 980 3653 1044 3703; x_wconf 78' lang='lat' dir='ltr'><strong>iis</strong></span> <span class='ocrx_word' id='word_1_136' title='bbox 1067 3653 1124 3703; x_wconf 90' lang='lat' dir='ltr'><strong>in</strong></span> <span class='ocrx_word' id='word_1_137' title='bbox 1145 3652 1272 3709; x_wconf 74' lang='lat' dir='ltr'><strong>locis</strong></span> 
     </span>
     <span class='ocr_line' id='line_1_24' title="bbox 203 3735 1274 3797; baseline 0 -7"><span class='ocrx_word' id='word_1_138' title='bbox 203 3737 373 3790; x_wconf 85' lang='lat' dir='ltr'><strong>multa</strong></span> <span class='ocrx_word' id='word_1_139' title='bbox 399 3747 510 3789; x_wconf 86' lang='lat' dir='ltr'><strong>tum</strong></span> <span class='ocrx_word' id='word_1_140' title='bbox 533 3735 723 3788; x_wconf 85' lang='lat' dir='ltr'><strong>Thesei</strong></span> <span class='ocrx_word' id='word_1_141' title='bbox 745 3738 986 3788; x_wconf 76' lang='lat' dir='ltr'><strong>victoriae</strong></span> <span class='ocrx_word' id='word_1_142' title='bbox 999 3772 1016 3797; x_wconf 87' lang='lat'><strong>‚</strong></span> <span class='ocrx_word' id='word_1_143' title='bbox 1041 3745 1150 3790; x_wconf 86' lang='lat' dir='ltr'><strong>tum</strong></span> <span class='ocrx_word' id='word_1_144' title='bbox 1173 3737 1274 3790; x_wconf 82' lang='lat' dir='ltr'><strong>cla·</strong></span> 
     </span>
     <span class='ocr_line' id='line_1_25' title="bbox 205 3819 1280 3888; baseline -0.005 -13"><span class='ocrx_word' id='word_1_145' title='bbox 205 3819 294 3875; x_wconf 81' lang='lat' dir='ltr'><strong>dis</strong></span> <span class='ocrx_word' id='word_1_146' title='bbox 317 3823 644 3880; x_wconf 73' lang='lat' dir='ltr'><strong>Amazonum</strong></span> <span class='ocrx_word' id='word_1_147' title='bbox 667 3830 1028 3888; x_wconf 75' lang='lat' dir='ltr'><strong>monumenta3</strong></span> <span class='ocrx_word' id='word_1_148' title='bbox 1070 3839 1280 3873; x_wconf 75' lang='lat' dir='ltr'><strong>earum-</strong></span> 
     </span>
     <span class='ocr_line' id='line_1_26' title="bbox 206 3904 1280 3974; baseline 0.004 -20"><span class='ocrx_word' id='word_1_149' title='bbox 206 3921 314 3974; x_wconf 83' lang='lat' dir='ltr'><strong>que</strong></span> <span class='ocrx_word' id='word_1_150' title='bbox 337 3904 590 3974; x_wconf 80' lang='lat' dir='ltr'><strong>reliquiae</strong></span> <span class='ocrx_word' id='word_1_151' title='bbox 623 3904 759 3955; x_wconf 85' lang='lat' dir='ltr'><strong>intra</strong></span> <span class='ocrx_word' id='word_1_152' title='bbox 797 3904 1040 3973; x_wconf 77' lang='lat' dir='ltr'><strong>pristinos</strong></span> <span class='ocrx_word' id='word_1_153' title='bbox 1077 3904 1280 3962; x_wconf 82' lang='lat' dir='ltr'><strong>Pontici</strong></span> 
     </span>
     <span class='ocr_line' id='line_1_27' title="bbox 207 3985 1283 4058; baseline 0 -20"><span class='ocrx_word' id='word_1_154' title='bbox 207 3985 380 4040; x_wconf 82' lang='lat' dir='ltr'><strong>litoris</strong></span> <span class='ocrx_word' id='word_1_155' title='bbox 406 3987 508 4044; x_wconf 76' lang='lat' dir='ltr'><strong>line</strong></span> <span class='ocrx_word' id='word_1_156' title='bbox 524 4003 786 4040; x_wconf 77' lang='lat' dir='ltr'><strong>servavere</strong></span> <span class='ocrx_word' id='word_1_157' title='bbox 804 3985 1050 4058; x_wconf 77' lang='lat' dir='ltr'><strong>deinceps</strong></span> <span class='ocrx_word' id='word_1_158' title='bbox 1066 3989 1283 4044; x_wconf 78' lang='lat' dir='ltr'><strong>formam</strong></span> 
     </span>
     <span class='ocr_line' id='line_1_28' title="bbox 208 4070 1284 4143; baseline -0.001 -17"><span class='ocrx_word' id='word_1_159' title='bbox 208 4071 449 4142; x_wconf 76' lang='lat' dir='ltr'><strong>aliquam</strong></span> <span class='ocrx_word' id='word_1_160' title='bbox 487 4071 715 4143; x_wconf 81' lang='lat' dir='ltr'><strong>imperii,</strong></span> <span class='ocrx_word' id='word_1_161' title='bbox 757 4087 917 4141; x_wconf 84' lang='lat' dir='ltr'><strong>usque</strong></span> <span class='ocrx_word' id='word_1_162' title='bbox 956 4070 1024 4122; x_wconf 85' lang='lat' dir='ltr'><strong>ad</strong></span> <span class='ocrx_word' id='word_1_163' title='bbox 1065 4071 1284 4126; x_wconf 73' lang='lat' dir='ltr'><strong>Troiani.</strong></span> 
     </span>
     <span class='ocr_line' id='line_1_29' title="bbox 209 4149 1285 4222; baseline -0.002 -18"><span class='ocrx_word' id='word_1_164' title='bbox 209 4151 346 4204; x_wconf 79' lang='lat' dir='ltr'><strong>belli</strong></span> <span class='ocrx_word' id='word_1_165' title='bbox 367 4163 616 4222; x_wconf 80' lang='lat' dir='ltr'><strong>tempora.</strong></span> <span class='ocrx_word' id='word_1_166' title='bbox 654 4152 891 4215; x_wconf 78' lang='lat' dir='ltr'><strong>(Ruaeus</strong></span> <span class='ocrx_word' id='word_1_167' title='bbox 911 4149 979 4206; x_wconf 77' lang='lat' dir='ltr'><strong>ad</strong></span> <span class='ocrx_word' id='word_1_168' title='bbox 1009 4151 1285 4220; x_wconf 82' lang='lat' dir='ltr'><strong>Virgilium</strong></span> 
     </span>
     <span class='ocr_line' id='line_1_30' title="bbox 211 4236 748 4304; baseline -0.006 -13"><span class='ocrx_word' id='word_1_169' title='bbox 211 4236 444 4292; x_wconf 79' lang='lat' dir='ltr'><strong>Aeneid.</strong></span> <span class='ocrx_word' id='word_1_170' title='bbox 471 4237 574 4296; x_wconf 80' lang='lat' dir='ltr'><strong>xl,</strong></span> <span class='ocrx_word' id='word_1_171' title='bbox 599 4241 748 4304; x_wconf 78' lang='lat'><strong>659).</strong></span> 
     </span>
    </p>

    <p class='ocr_par' dir='ltr' id='par_1_9' title="bbox 285 4315 1286 4391">
     <span class='ocr_line' id='line_1_31' title="bbox 285 4315 1286 4391; baseline -0.002 -19"><span class='ocrx_word' id='word_1_172' title='bbox 285 4339 335 4373; x_wconf 84' lang='lat'><strong>2.</strong></span> <span class='ocrx_word' id='word_1_173' title='bbox 375 4319 524 4391; x_wconf 80' lang='lat' dir='ltr'><strong>Quae</strong></span> <span class='ocrx_word' id='word_1_174' title='bbox 541 4321 631 4371; x_wconf 74' lang='lat' dir='ltr'><strong>tibi</strong></span> <span class='ocrx_word' id='word_1_175' title='bbox 655 4321 798 4383; x_wconf 80' lang='lat' dir='ltr'><strong>dem,</strong></span> <span class='ocrx_word' id='word_1_176' title='bbox 819 4331 865 4370; x_wconf 78' lang='lat' dir='ltr'><strong>et</strong></span> <span class='ocrx_word' id='word_1_177' title='bbox 887 4319 1060 4377; x_wconf 78' lang='lat' dir='ltr'><strong>turbae</strong></span> <span class='ocrx_word' id='word_1_178' title='bbox 1081 4321 1106 4383; x_wconf 90' lang='lat'>)</span> <span class='ocrx_word' id='word_1_179' title='bbox 1162 4315 1286 4370; x_wconf 66' lang='lat'><strong><em>71⁴1·-</em></strong></span> 
     </span>
    </p>
   </div>
   <div class='ocr_carea' id='block_1_7' title="bbox 219 4401 1284 4474">
    <p class='ocr_par' dir='ltr' id='par_1_10' title="bbox 219 4401 1284 4474">
     <span class='ocr_line' id='line_1_32' title="bbox 219 4401 1284 4474; baseline -0.004 -14"><span class='ocrx_word' id='word_1_180' title='bbox 219 4419 336 4460; x_wconf 75' lang='lat' dir='ltr'><strong>mae</strong></span> <span class='ocrx_word' id='word_1_181' title='bbox 357 4405 548 4464; x_wconf 68' lang='lat' dir='ltr'><strong>rectius</strong></span> <span class='ocrx_word' id='word_1_182' title='bbox 568 4405 626 4458; x_wconf 84' lang='lat' dir='ltr'><strong>in</strong></span> <span class='ocrx_word' id='word_1_183' title='bbox 647 4401 1090 4474; x_wconf 72' lang='lat' dir='ltr'><strong>Regio,Scalige1-i</strong></span> <span class='ocrx_word' id='word_1_184' title='bbox 1112 4418 1284 4459; x_wconf 76' lang='lat' dir='ltr'><strong>excer—</strong></span> 
     </span>
    </p>
   </div>
   <div class='ocr_carea' id='block_1_8' title="bbox 1365 2721 2431 2892">
    <p class='ocr_par' dir='ltr' id='par_1_11' title="bbox 1365 2721 2431 2892">
     <span class='ocr_line' id='line_1_33' title="bbox 1365 2721 2431 2812; baseline 0.002 -22"><span class='ocrx_word' id='word_1_185' title='bbox 1365 2740 1500 2810; x_wconf 78' lang='lat' dir='ltr'><strong>ptis,</strong></span> <span class='ocrx_word' id='word_1_186' title='bbox 1521 2747 1573 2790; x_wconf 87' lang='lat' dir='ltr'><strong>et</strong></span> <span class='ocrx_word' id='word_1_187' title='bbox 1595 2721 1709 2792; x_wconf 79' lang='lat' dir='ltr'><strong>octo</strong></span> <span class='ocrx_word' id='word_1_188' title='bbox 1731 2738 1874 2792; x_wconf 84' lang='lat' dir='ltr'><strong>aliis:</strong></span> <span class='ocrx_word' id='word_1_189' title='bbox 1893 2737 2275 2812; x_wconf 81' lang='lat' dir='ltr'><strong>proeliabantur</strong></span> <span class='ocrx_word' id='word_1_190' title='bbox 2289 2742 2431 2800; x_wconf 75' lang='lat' dir='ltr'><strong>enim</strong></span> 
     </span>
     <span class='ocr_line' id='line_1_34' title="bbox 1367 2821 2430 2892; baseline 0.001 -19"><span class='ocrx_word' id='word_1_191' title='bbox 1367 2821 1680 2888; x_wconf 70' lang='lat' dir='ltr'><strong>Amazones,</strong></span> <span class='ocrx_word' id='word_1_192' title='bbox 1706 2831 1765 2874; x_wconf 84' lang='lat' dir='ltr'><strong>ut</strong></span> <span class='ocrx_word' id='word_1_193' title='bbox 1800 2821 2121 2892; x_wconf 83' lang='lat' dir='ltr'><strong>plurimum,</strong></span> <span class='ocrx_word' id='word_1_194' title='bbox 2157 2824 2341 2892; x_wconf 74' lang='lat' dir='ltr'><strong>equis3</strong></span> <span class='ocrx_word' id='word_1_195' title='bbox 2377 2831 2430 2874; x_wconf 84' lang='lat' dir='ltr'><strong>et</strong></span> 
     </span>
    </p>
   </div>
   <div class='ocr_carea' id='block_1_9' title="bbox 1369 2902 2432 3066">
    <p class='ocr_par' dir='ltr' id='par_1_12' title="bbox 1369 2902 2432 3054">
     <span class='ocr_line' id='line_1_35' title="bbox 1372 2902 2432 2986; baseline 0.003 -32"><span class='ocrx_word' id='word_1_196' title='bbox 1372 2903 1556 2972; x_wconf 76' lang='lat' dir='ltr'><strong>Lysias</strong></span> <span class='ocrx_word' id='word_1_197' title='bbox 1588 2902 1806 2986; x_wconf 67' lang='lat' dir='ltr'><strong>Rlietor,</strong></span> <span class='ocrx_word' id='word_1_198' title='bbox 1846 2905 1979 2956; x_wconf 85' lang='lat' dir='ltr'><strong>dicit</strong></span> <span class='ocrx_word' id='word_1_199' title='bbox 2016 2914 2133 2974; x_wconf 79' lang='lat' dir='ltr'><strong>post</strong></span> <span class='ocrx_word' id='word_1_200' title='bbox 2161 2903 2432 2958; x_wconf 82' lang='lat' dir='ltr'><strong>hominum</strong></span> 
     </span>
     <span class='ocr_line' id='line_1_36' title="bbox 1369 2967 2432 3066; baseline 0.003 -31"><span class='ocrx_word' id='word_1_201' title='bbox 1369 2984 1669 3036; x_wconf 78' lang='lat' dir='ltr'><strong>memoriam</strong></span> <span class='ocrx_word' id='word_1_202' title='bbox 1716 2967 2000 3038; x_wconf 73' lang='lat' dir='ltr'><strong>Amazonas</strong></span> <span class='ocrx_word' id='word_1_203' title='bbox 2044 2983 2235 3053; x_wconf 88' lang='lat' dir='ltr'><strong>primas</strong></span> <span class='ocrx_word' id='word_1_204' title='bbox 2274 3002 2432 3066; x_wconf 67' lang='lat' dir='ltr'><strong>equos</strong></span> 
     </span>
    </p>
   </div>
   <div class='ocr_carea' id='block_1_10' title="bbox 1369 3065 2531 4468">
    <p class='ocr_par' dir='ltr' id='par_1_13' title="bbox 1369 3065 2442 3794">
     <span class='ocr_line' id='line_1_37' title="bbox 1373 3065 2434 3124; baseline -0.002 -2"><span class='ocrx_word' id='word_1_205' title='bbox 1373 3065 1744 3122; x_wconf 82' lang='lat' dir='ltr'><strong>conscendisse.</strong></span> <span class='ocrx_word' id='word_1_206' title='bbox 1778 3068 1956 3121; x_wconf 73' lang='lat' dir='ltr'><strong>Hms.</strong></span> <span class='ocrx_word' id='word_1_207' title='bbox 1992 3097 2057 3108; x_wconf 93' lang='grc'><strong>--</strong></span> <span class='ocrx_word' id='word_1_208' title='bbox 2090 3069 2170 3124; x_wconf 80' lang='lat' dir='ltr'><strong>De</strong></span> <span class='ocrx_word' id='word_1_209' title='bbox 2218 3069 2434 3122; x_wconf 77' lang='lat' dir='ltr'><strong>Amazo-</strong></span> 
     </span>
     <span class='ocr_line' id='line_1_38' title="bbox 1371 3149 2435 3212; baseline 0.001 -10"><span class='ocrx_word' id='word_1_210' title='bbox 1371 3149 1566 3210; x_wconf 82' lang='lat' dir='ltr'><strong>nibus,</strong></span> <span class='ocrx_word' id='word_1_211' title='bbox 1619 3149 1751 3204; x_wconf 85' lang='lat' dir='ltr'><strong>duee</strong></span> <span class='ocrx_word' id='word_1_212' title='bbox 1797 3150 2150 3212; x_wconf 76' lang='lat' dir='ltr'><strong>Penthesilea,</strong></span> <span class='ocrx_word' id='word_1_213' title='bbox 2182 3151 2435 3208; x_wconf 78' lang='lat' dir='ltr'><strong>auxilium</strong></span> 
     </span>
     <span class='ocr_line' id='line_1_39' title="bbox 1373 3233 2436 3299; baseline -0.001 -10.994"><span class='ocrx_word' id='word_1_214' title='bbox 1373 3237 1420 3288; x_wconf 81' lang='lat' dir='ltr'><strong>‘l</strong></span> <span class='ocrx_word' id='word_1_215' title='bbox 1423 3235 1613 3288; x_wconf 83' lang='lat' dir='ltr'><strong>roianis</strong></span> <span class='ocrx_word' id='word_1_216' title='bbox 1637 3234 1879 3291; x_wconf 80' lang='lat' dir='ltr'><strong>adversus</strong></span> <span class='ocrx_word' id='word_1_217' title='bbox 1898 3234 2121 3288; x_wconf 85' lang='lat' dir='ltr'><strong>Graecos</strong></span> <span class='ocrx_word' id='word_1_218' title='bbox 2136 3233 2436 3299; x_wconf 83' lang='lat' dir='ltr'><strong>ferentibus,</strong></span> 
     </span>
     <span class='ocr_line' id='line_1_40' title="bbox 1369 3318 2437 3396; baseline -0.002 -22"><span class='ocrx_word' id='word_1_219' title='bbox 1369 3319 1483 3376; x_wconf 74' lang='lat' dir='ltr'><strong>vid.</strong></span> <span class='ocrx_word' id='word_1_220' title='bbox 1507 3319 1693 3396; x_wconf 81' lang='lat' dir='ltr'><strong>Quint.</strong></span> <span class='ocrx_word' id='word_1_221' title='bbox 1718 3318 1897 3374; x_wconf 77' lang='lat' dir='ltr'><strong>Calab-</strong></span> <span class='ocrx_word' id='word_1_222' title='bbox 1916 3319 2009 3371; x_wconf 80' lang='lat' dir='ltr'><strong>lib.</strong></span> <span class='ocrx_word' id='word_1_223' title='bbox 2040 3319 2079 3372; x_wconf 93' lang='lat'><strong>1.</strong></span> <span class='ocrx_word' id='word_1_224' title='bbox 2115 3319 2437 3376; x_wconf 79' lang='lat' dir='ltr'><strong>Penthesilea</strong></span> 
     </span>
     <span class='ocr_line' id='line_1_41' title="bbox 1373 3401 2438 3473; baseline -0.002 -17"><span class='ocrx_word' id='word_1_225' title='bbox 1373 3413 1542 3456; x_wconf 73' lang='lat' dir='ltr'><strong>autem</strong></span> <span class='ocrx_word' id='word_1_226' title='bbox 1567 3401 1633 3456; x_wconf 85' lang='lat' dir='ltr'><strong>ab</strong></span> <span class='ocrx_word' id='word_1_227' title='bbox 1655 3402 1861 3455; x_wconf 84' lang='lat' dir='ltr'><strong>Achille</strong></span> <span class='ocrx_word' id='word_1_228' title='bbox 1883 3413 1970 3456; x_wconf 81' lang='lat' dir='ltr'><strong>aut</strong></span> <span class='ocrx_word' id='word_1_229' title='bbox 1986 3403 2183 3473; x_wconf 80' lang='lat' dir='ltr'><strong>Pyrrho</strong></span> <span class='ocrx_word' id='word_1_230' title='bbox 2198 3402 2295 3456; x_wconf 83' lang='lat' dir='ltr'><strong>sub</strong></span> <span class='ocrx_word' id='word_1_231' title='bbox 2312 3401 2438 3455; x_wconf 85' lang='lat' dir='ltr'><strong>belli</strong></span> 
     </span>
     <span class='ocr_line' id='line_1_42' title="bbox 1374 3485 2442 3544; baseline -0.002 -4"><span class='ocrx_word' id='word_1_232' title='bbox 1374 3485 1530 3540; x_wconf 84' lang='lat' dir='ltr'><strong>finem</strong></span> <span class='ocrx_word' id='word_1_233' title='bbox 1555 3487 1721 3540; x_wconf 79' lang='lat' dir='ltr'><strong>occisa</strong></span> <span class='ocrx_word' id='word_1_234' title='bbox 1756 3495 1850 3538; x_wconf 84' lang='lat' dir='ltr'><strong>est.</strong></span> <span class='ocrx_word' id='word_1_235' title='bbox 1894 3485 2098 3544; x_wconf 79' lang='lat' dir='ltr'><strong>Dicitur</strong></span> <span class='ocrx_word' id='word_1_236' title='bbox 2130 3485 2197 3538; x_wconf 82' lang='lat' dir='ltr'><strong>ab</strong></span> <span class='ocrx_word' id='word_1_237' title='bbox 2234 3485 2442 3538; x_wconf 82' lang='lat' dir='ltr'><strong>Achille</strong></span> 
     </span>
     <span class='ocr_line' id='line_1_43' title="bbox 1374 3567 2441 3640; baseline -0.004 -18"><span class='ocrx_word' id='word_1_238' title='bbox 1374 3579 1540 3628; x_wconf 80' lang='lat' dir='ltr'><strong>amata</strong></span> <span class='ocrx_word' id='word_1_239' title='bbox 1576 3570 1769 3640; x_wconf 71' lang='lat' dir='ltr'><strong>fuisse,</strong></span> <span class='ocrx_word' id='word_1_240' title='bbox 1802 3577 1855 3621; x_wconf 85' lang='lat' dir='ltr'><strong>et</strong></span> <span class='ocrx_word' id='word_1_241' title='bbox 1898 3567 2063 3628; x_wconf 80' lang='lat' dir='ltr'><strong>filium</strong></span> <span class='ocrx_word' id='word_1_242' title='bbox 2104 3587 2169 3620; x_wconf 75' lang='lat' dir='ltr'><strong>ex</strong></span> <span class='ocrx_word' id='word_1_243' title='bbox 2208 3587 2269 3619; x_wconf 87' lang='lat' dir='ltr'><strong>eo</strong></span> <span class='ocrx_word' id='word_1_244' title='bbox 2305 3568 2441 3637; x_wconf 72' lang='lat' dir='ltr'><strong>Cay-</strong></span> 
     </span>
     <span class='ocr_line' id='line_1_44' title="bbox 1373 3649 2437 3722; baseline -0.004 -16"><span class='ocrx_word' id='word_1_245' title='bbox 1373 3662 1535 3706; x_wconf 81' lang='lat' dir='ltr'><strong>strum</strong></span> <span class='ocrx_word' id='word_1_246' title='bbox 1569 3654 1778 3710; x_wconf 82' lang='lat' dir='ltr'><strong>nomine</strong></span> <span class='ocrx_word' id='word_1_247' title='bbox 1812 3653 2109 3722; x_wconf 78' lang='lat' dir='ltr'><strong>suscepisse.</strong></span> <span class='ocrx_word' id='word_1_248' title='bbox 2146 3649 2267 3704; x_wconf 82' lang='lat' dir='ltr'><strong>vid.</strong></span> <span class='ocrx_word' id='word_1_249' title='bbox 2296 3651 2437 3719; x_wconf 69' lang='lat' dir='ltr'><strong>Dici.</strong></span> 
     </span>
     <span class='ocr_line' id='line_1_45' title="bbox 1377 3735 1833 3798; baseline 0 -8"><span class='ocrx_word' id='word_1_250' title='bbox 1377 3735 1519 3793; x_wconf 84' lang='lat' dir='ltr'><strong>Cret.</strong></span> <span class='ocrx_word' id='word_1_251' title='bbox 1543 3737 1648 3798; x_wconf 87' lang='lat'><strong>111,</strong></span> <span class='ocrx_word' id='word_1_252' title='bbox 1670 3745 1722 3787; x_wconf 90' lang='lat' dir='ltr'><strong>et</strong></span> <span class='ocrx_word' id='word_1_253' title='bbox 1745 3735 1833 3790; x_wconf 84' lang='lat' dir='ltr'><strong>IV·</strong></span> 
     </span>
    </p>

    <p class='ocr_par' dir='ltr' id='par_1_14' title="bbox 1379 3813 2531 4468">
     <span class='ocr_line' id='line_1_46' title="bbox 1447 3813 2444 3888; baseline -0.002 -19.809"><span class='ocrx_word' id='word_1_254' title='bbox 1447 3817 1673 3888; x_wconf 57' lang='grc' dir='ltr'><strong>’,πρηέα</strong></span> <span class='ocrx_word' id='word_1_255' title='bbox 1695 3821 1827 3872; x_wconf 82' lang='lat' dir='ltr'><strong>virus</strong></span> <span class='ocrx_word' id='word_1_256' title='bbox 1863 3821 1917 3870; x_wconf 80' lang='lat' dir='ltr'><strong>in</strong></span> <span class='ocrx_word' id='word_1_257' title='bbox 1964 3833 2178 3885; x_wconf 77' lang='lat' dir='ltr'><strong>anguem</strong></span> <span class='ocrx_word' id='word_1_258' title='bbox 2222 3815 2395 3865; x_wconf 77' lang='lat' dir='ltr'><strong>adiicis</strong></span> <span class='ocrx_word' id='word_1_259' title='bbox 2411 3813 2444 3866; x_wconf 65' lang='grc' dir='ltr'><strong><em>ἲ</em></strong></span> 
     </span>
     <span class='ocr_line' id='line_1_47' title="bbox 1379 3895 2443 3978; baseline -0.006 -24"><span class='ocrx_word' id='word_1_260' title='bbox 1379 3899 1528 3974; x_wconf 81' lang='lat' dir='ltr'><strong>Quid</strong></span> <span class='ocrx_word' id='word_1_261' title='bbox 1553 3899 1821 3961; x_wconf 79' lang='lat' dir='ltr'><strong>mulieres,</strong></span> <span class='ocrx_word' id='word_1_262' title='bbox 1805 3917 1937 3978; x_wconf 83' lang='lat' dir='ltr'><strong>,pet</strong></span> <span class='ocrx_word' id='word_1_263' title='bbox 1957 3917 2011 3950; x_wconf 83' lang='lat' dir='ltr'><strong>se</strong></span> <span class='ocrx_word' id='word_1_264' title='bbox 2047 3895 2259 3950; x_wconf 74' lang='lat' dir='ltr'><strong>callidas</strong></span> <span class='ocrx_word' id='word_1_265' title='bbox 2292 3899 2443 3960; x_wconf 79' lang='lat' dir='ltr'><strong>satis,</strong></span> 
     </span>
     <span class='ocr_line' id='line_1_48' title="bbox 1384 3973 2442 4063; baseline -0.005 -27"><span class='ocrx_word' id='word_1_266' title='bbox 1384 3986 1665 4063; x_wconf 80' lang='lat' dir='ltr'><strong>praeceptis</strong></span> <span class='ocrx_word' id='word_1_267' title='bbox 1690 3984 1963 4043; x_wconf 78' lang='lat' dir='ltr'><strong>informas,</strong></span> <span class='ocrx_word' id='word_1_268' title='bbox 2000 3998 2130 4054; x_wconf 84' lang='lat' dir='ltr'><strong>quae</strong></span> <span class='ocrx_word' id='word_1_269' title='bbox 2154 3973 2442 4031; x_wconf 79' lang='lat' dir='ltr'><strong>callidiores</strong></span> 
     </span>
     <span class='ocr_line' id='line_1_49' title="bbox 1385 4061 2445 4124; baseline -0.003 -7"><span class='ocrx_word' id='word_1_270' title='bbox 1385 4069 1538 4119; x_wconf 84' lang='lat' dir='ltr'><strong>etiam</strong></span> <span class='ocrx_word' id='word_1_271' title='bbox 1566 4069 1619 4124; x_wconf 77' lang='lat' dir='ltr'><strong>iu</strong></span> <span class='ocrx_word' id='word_1_272' title='bbox 1648 4074 1751 4124; x_wconf 77' lang='lat' dir='ltr'><strong>arte</strong></span> <span class='ocrx_word' id='word_1_273' title='bbox 1774 4062 1982 4124; x_wconf 80' lang='lat' dir='ltr'><strong>amandi</strong></span> <span class='ocrx_word' id='word_1_274' title='bbox 2017 4061 2273 4114; x_wconf 80' lang='lat' dir='ltr'><strong>efficiant?</strong></span> <span class='ocrx_word' id='word_1_275' title='bbox 2322 4061 2445 4114; x_wconf 80' lang='lat' dir='ltr'><strong>Du·-</strong></span> 
     </span>
     <span class='ocr_line' id='line_1_50' title="bbox 1386 4145 2444 4202; baseline -0.009 0"><span class='ocrx_word' id='word_1_276' title='bbox 1386 4149 1520 4202; x_wconf 74' lang='lat' dir='ltr'><strong>bitat</strong></span> <span class='ocrx_word' id='word_1_277' title='bbox 1542 4149 1779 4200; x_wconf 85' lang='lat' dir='ltr'><strong>Burman.</strong></span> <span class='ocrx_word' id='word_1_278' title='bbox 1803 4165 1867 4199; x_wconf 85' lang='lat' dir='ltr'><strong>an</strong></span> <span class='ocrx_word' id='word_1_279' title='bbox 1906 4146 2031 4201; x_wconf 78' lang='lat' dir='ltr'><strong>satis</strong></span> <span class='ocrx_word' id='word_1_280' title='bbox 2064 4145 2281 4197; x_wconf 83' lang='lat' dir='ltr'><strong>latinum</strong></span> <span class='ocrx_word' id='word_1_281' title='bbox 2310 4148 2444 4200; x_wconf 66' lang='lat' dir='ltr'><strong>vir-us</strong></span> 
     </span>
     <span class='ocr_line' id='line_1_51' title="bbox 1384 4228 2449 4302; baseline -0.008 -16"><span class='ocrx_word' id='word_1_282' title='bbox 1384 4235 1706 4292; x_wconf 67' lang='lat' dir='ltr'><strong>addicerem:</strong></span> <span class='ocrx_word' id='word_1_283' title='bbox 1744 4232 1930 4284; x_wconf 85' lang='lat' dir='ltr'><strong>rectius</strong></span> <span class='ocrx_word' id='word_1_284' title='bbox 1968 4229 2212 4302; x_wconf 84' lang='lat' dir='ltr'><strong>quidem,</strong></span> <span class='ocrx_word' id='word_1_285' title='bbox 2250 4236 2308 4280; x_wconf 90' lang='lat' dir='ltr'><strong>ut</strong></span> <span class='ocrx_word' id='word_1_286' title='bbox 2342 4228 2449 4301; x_wconf 70' lang='lat' dir='ltr'><strong>ipsi</strong></span> 
     </span>
     <span class='ocr_line' id='line_1_52' title="bbox 1386 4311 2531 4385; baseline -0.013 -11"><span class='ocrx_word' id='word_1_287' title='bbox 1386 4317 1593 4374; x_wconf 81' lang='lat' dir='ltr'><strong>videtur</strong></span> <span class='ocrx_word' id='word_1_288' title='bbox 1609 4353 1629 4383; x_wconf 90' lang='lat'>‚</span> <span class='ocrx_word' id='word_1_289' title='bbox 1648 4317 1797 4370; x_wconf 86' lang='lat' dir='ltr'><strong>Maro</strong></span> <span class='ocrx_word' id='word_1_290' title='bbox 1822 4315 2010 4383; x_wconf 82' lang='lat' dir='ltr'><strong>Georg.</strong></span> <span class='ocrx_word' id='word_1_291' title='bbox 2032 4311 2085 4372; x_wconf 85' lang='grc' dir='ltr'><strong>Ι,</strong></span> <span class='ocrx_word' id='word_1_292' title='bbox 2116 4315 2239 4380; x_wconf 72' lang='lat'><strong>¹29²</strong></span> <span class='ocrx_word' id='word_1_293' title='bbox 2272 4347 2275 4350; x_wconf 83' lang='lat'>-</span> <span class='ocrx_word' id='word_1_294' title='bbox 2526 4377 2531 4385; x_wconf 82' lang='lat'><em>,</em></span> 
     </span>
     <span class='ocr_line' id='line_1_53' title="bbox 1386 4405 2441 4468; baseline -0.006 -11"><span class='ocrx_word' id='word_1_295' title='bbox 1386 4417 1470 4462; x_wconf 73' lang='lat'>1110</span> <span class='ocrx_word' id='word_1_296' title='bbox 1487 4417 1655 4463; x_wconf 71' lang='lat' dir='ltr'><strong>malm</strong></span> <span class='ocrx_word' id='word_1_297' title='bbox 1677 4416 1795 4458; x_wconf 69' lang='lat' dir='ltr'><strong>virus</strong></span> <span class='ocrx_word' id='word_1_298' title='bbox 1817 4411 2092 4468; x_wconf 65' lang='lat' dir='ltr'><strong>nependbuu</strong></span> <span class='ocrx_word' id='word_1_299' title='bbox 2116 4410 2297 4460; x_wconf 61' lang='lat' dir='ltr'><strong>addidit</strong></span> <span class='ocrx_word' id='word_1_300' title='bbox 2317 4405 2441 4460; x_wconf 67' lang='lat' dir='ltr'><strong>ati-is.</strong></span> 
     </span>
    </p>
   </div>
  </div>
 </body>
</html>
